2978 4869
1104 214 1649 279 .—12-

254 386 325 455 id
372 387 460 452 ita
513 394 935 472 comparatum
992 394 1066 451 ¹ut
1112 406 1361 452 omnem
1412 383 1747 470 tragoediis
1797 382 2310 449 antecedentibus
2364 381 2597 450 severi-

258 492 452 548 tatem
493 491 557 549 et
597 482 996 548 acerbitatem
1040 481 1271 547 adimat
1318 490 1382 547 et
1422 481 1594 568 quod
1635 481 1834 568 possit
1873 479 2304 566 philosophiae
2345 488 2408 545 et
2446 477 2599 544 reli-

262 580 462 663 gionis
505 579 825 665 cuiusdam
868 578 1193 644 sanctioris
1234 578 1454 657 videri,
1507 578 1570 642 id
1612 577 1728 642 arti
1763 596 1987 643 rursus
2027 575 2322 651 vindicet,
2365 575 2599 661 quippe

260 676 363 741 cui
394 675 748 760 gravissima
772 694 1061 762 quaeque
1104 692 1245 741 cum
1288 673 1642 740 laetissimis
1682 672 1945 739 miscere
1986 672 2186 738 liceat.
2244 672 2417 736 Bene
2458 670 2601 735 lau-

263 772 427 840 davit
468 772 604 839 Chii
644 771 823 836 Jonis
865 771 1098 838 dictum
1140 770 1611 859 Droysenius
1655 769 1751 856 (in
1789 790 1945 837 verS.
1987 789 2129 855 pag.
2169 768 2367 854 334.),
2416 767 2602 851 inge-

263 869 438 934 niose
481 866 912 934 Schoellius
954 867 1253 934 nonnulla
1296 867 1372 932 de
1416 866 1690 932 dramate
1733 867 1996 953 satyrico
2039 864 2399 952 disputavit,
2440 882 2602 949 quae

262 965 340 1030 ad
389 972 665 1029 nostram
721 962 852 1029 sere
900 964 1272 1030 sententiam
1324 963 1617 1037 redeunt;
1671 961 1953 1028 conferas
2004 961 2189 1028 etiam
2231 957 2604 1026 Welckeri

264 1060 762 1126 dissertationem
805 1060 883 1126 de
915 1060 1106 1126 dram.
1138 1069 1249 1125 sat.
1291 1060 1356 1124 in
1396 1059 1558 1124 libro
1600 1058 1699 1125 cui
1733 1058 2102 1141 inscriptum
2133 1065 2257 1123 est:
2297 1054 2609 1139 Nachtrag

263 1177 342 1222 zu
382 1154 496 1221 der
537 1155 764 1222 Schrift
800 1157 960 1222 iiber
999 1155 1099 1222 die
1140 1153 1578 1242 Aeschyliscbe
1620 1155 1890 1240 Trilogie
1933 1176 2070 1241 pag.
2115 1159 2251 1221 185.
2296 1174 2425 1240 seq.

422 1254 649 1338 Magna
701 1274 846 1321 vero
899 1273 972 1318 ea
1025 1259 1317 1338 superest
1367 1251 1654 1338 quaestio
1714 1272 1838 1338 qua
1892 1250 2169 1336 singulae
2223 1248 2606 1339 singularum

262 1350 650 1434 trilogiarum
681 1348 1065 1434 ¹tragoediae
1128 1348 1506 1435 Aeschyleae
1568 1369 1683 1435 per
1743 1369 1811 1413 se
1876 1354 2188 1434 spectatae
2251 1342 2608 1410 conditione

266 1447 567 1511 fruantur.
649 1445 1088 1511 Welckerus
1131 1445 1429 1532 primum,
1472 1446 1645 1531 quod
1685 1451 1868 1509 autea
1901 1445 2028 1530 jam
2074 1465 2189 1509 nos
2230 1439 2610 1517 monuimus,

266 1541 541 1627 singulas
583 1541 768 1607 etiam
812 1542 1160 1627 tragoedias
1199 1540 1585 1625 trilogiarum
1629 1539 1904 1625 speciem
1955 1560 2032 1604 eo
2072 1538 2334 1603 reddere
2377 1536 2610 1602 confir·—

267 1647 397 1705 mat
448 1638 617 1725 quod
661 1638 783 1703 sint
835 1645 900 1703 et
938 1639 1110 1723 ipsae
1150 1637 1514 1724 tripartitae.
1596 1635 1819 1702 Statim
1862 1655 2029 1714 vero,
2070 1656 2151 1700 ne
2193 1633 2335 1720 quis
2380 1653 2453 1698 ea
2495 1652 2612 1696 ex·-

266 1744 484 1801 ternae
536 1733 769 1799 formae
824 1731 1225 1798 similitudine
1268 1732 1634 1820 decipiatur,
1692 1753 1951 1814 prorsus
2002 1732 2184 1797 aliam
2236 1729 2323 1795 ait
2369 1728 2611 1795 mediae

269 1829 461 1918 partis
503 1851 643 1895 cum
686 1829 977 1895 extremis
1020 1837 1411 1915 comparatae
1456 1829 1523 1893 in
1563 1829 1897 1913 tragoediis
1942 1827 2199 1912 singulis
2241 1848 2381 1892 esse
2423 1834 2613 1912 atque

268 1929 333 1993 in
374 1925 634 2011 trilogiis
677 1925 1095 1991 conditionem
1139 1922 1431 2011 (Trilogie
1473 1944 1572 2011 pg.
1615 1925 1792 2009 493.).
1874 1925 1965 1989 Ea
2017 1944 2177 2010 quae
2220 1924 2329 2003 sit,
2380 1923 2612 1988 ibidem

146 2102 153 2109 „
266 2047 408 2110 pag.
452 2029 547 2089 16.
589 2022 905 2088 docemur.
987 2021 1364 2107 Saepissime
1415 2021 1582 2086 enim
1636 2020 1815 2108 quasi
1860 2020 2202 2086 subsistere
2252 2040 2417 2097 rem,
2459 2037 2613 2101 per-

271 2142 488 2188 sonam
536 2117 875 2195 introduci,
929 2138 1379 2204 nonnunquam
1431 2138 1467 2182 a
1519 2138 1588 2183 re
1639 2119 1777 2204 ipsa
1825 2117 1975 2181 satis
2026 2115 2321 2194 alienam,
2376 2115 2611 2181 exitum

270 2213 618 2284 cunctando
659 2214 978 2292 retardari,
1019 2214 1141 2281 vim
1170 2213 1431 2280 actionis
1471 2214 1569 2280 vel
1608 2214 1805 2300 magis
1846 2234 1925 2279 eo
1966 2213 2177 2299 augeri
2208 2210 2530 2277 contendit
2548 2211 2613 2294 Ἴ.

269 2314 342 2379 Id
384 2333 582 2401 quum
622 2331 659 2375 a
697 2309 979 2397 plurimis
1022 2311 1413 2378 observatum
1456 2310 1717 2390 babeas,
1763 2311 1906 2398 jure
1946 2320 2058 2378 tuo
2110 2330 2223 2376 cur
2273 2308 2356 2373 ita
2381 2307 2488 2372 rsit
2537 2327 2616 2371 ex

274 2411 604 2478 Welckero
647 2406 1044 2494 quaesiveris.
1106 2408 1215 2474 Ille
1255 2429 1402 2475 vero
1444 2406 1522 2474 ad
1565 2408 1764 2495 legem
1808 2408 1972 2495 apud
2016 2406 2291 2474 Graecos
2333 2405 2454 2471 late
2495 2424 2613 2491 pa-

269 2516 507 2575 tentem
548 2504 932 2593 provocabit,
984 2527 1108 2592 qua
1150 2513 1320 2571 certo
1363 2505 1581 2586 ordine
1625 2505 1832 2571 omnia
1881 2514 1944 2569 et
1989 2505 2073 2569 ita
2111 2504 2248 2568 fieri
2288 2502 2614 2578 voluerint,

146 2611 155 2620 “
272 2612 344 2671 ut
395 2603 637 2687 singula
686 2604 1103 2688 respondeant
1165 2601 1450 2687 singulis,
1518 2600 1741 2666 similia
1802 2621 1944 2666 cum
1997 2599 2300 2665 similibus
2351 2618 2615 2683 compo-

271 2707 516 2766 nantur.
554 2731 639 2745 --

431 2798 505 2860 In
566 2793 686 2859 alia
745 2794 955 2861 omnia
1005 2796 1437 2863 Schoellius
1504 2795 1648 2862 abit.
1730 2797 1889 2863 Nam
1932 2793 2242 2860 actionem
2303 2793 2368 2857 in
2409 2791 2645 2857 media·

270 2892 588 2978 tragoedia
630 2913 757 2956 non
800 2893 1002 2959 solum
1042 2901 1231 2978 negat
1269 2893 1498 2958 lentius
1539 2892 1859 2978 progredi,
1907 2899 2016 2956 aut
2055 2911 2313 2976 prorsus
2353 2890 2434 2954 de
2476 2888 2613 2954 loco

275 3010 404 3054 non
445 2987 698 3063 moveri,
747 2987 856 3051 sed
897 2988 1032 3074 ipsa
1073 2989 1175 3053 illa
1216 2988 1510 3054 dramatis
1553 2995 1726 3074 parte
1768 2987 1859 3053 vel
1904 2986 2169 3051 maxime
2212 3005 2614 3071 progressum

273 3085 363 3151 ait
412 3081 746 3159 contineri,
811 3104 885 3148 ea
935 3083 1363 3150 antecedentia
1418 3083 1648 3168 colligi,
1695 3082 2022 3170 sequentia
2062 3081 2416 3168 praeparari
2439 3099 2442 3104 ·
2467 3081 2533 3164 (l.
2575 3081 2614 3145 l.

275 3204 334 3269 p.
376 3181 522 3266 26.).
603 3178 732 3265 Ipsi
772 3179 1107 3247 videamus.
1192 3180 1363 3260 Quid
1403 3182 1590 3246 vero?
1633 3180 1694 3244 in
1725 3184 2194 3264 Agamemnone
2226 3177 2433 3242 statim
2475 3198 2614 3241 me-

273 3278 438 3344 diam
481 3283 718 3362 partem
762 3278 1073 3360 quandam
1117 3278 1195 3344 ab
1237 3275 1530 3343 extremis
1559 3275 1927 3353 distincturi,
1969 3283 2032 3340 et
2071 3282 2200 3339 tres
2230 3274 2409 3361 quasi
2437 3281 2615 3339 actus

275 3379 649 3461 quaerentes
705 3370 857 3435 nibil
917 3371 1276 3460 hujusmodi
1339 3371 1716 3449 invenimus,
1779 3370 1985 3439 locum
2035 3392 2183 3438 vero
2246 3371 2356 3458 qui
2405 3370 2615 3435 minus

274 3471 352 3536 ad
396 3468 704 3535 actionem
746 3468 1080 3552 pertineat,
1134 3470 1240 3535 sed
1292 3477 1485 3536 totam
1538 3489 1669 3535 rem
1723 3490 1800 3535 eo
1850 3468 1979 3535 fere
2032 3468 2221 3535 modo
2271 3489 2402 3554 quo
2442 3466 2615 3532 chori

272 3566 554 3633 carmina
604 3565 741 3630 luce
793 3565 970 3651 quasi
1030 3567 1350 3632 collustret
1406 3587 1551 3633 eum
1617 3565 1962 3638 invenimus
2022 3583 2149 3651 quo
2203 3563 2612 3630 Cassandram

277 3672 466 3750 po’eta
508 3662 589 3727 de
628 3661 869 3749 Trojae,
914 3662 991 3728 de
1019 3663 1456 3751 Pelopidarum
1501 3662 1851 3749 praeterita,
1895 3662 1972 3728 de
2016 3681 2127 3727 sua
2170 3661 2246 3726 de
2276 3665 2615 3746 Agamem-

274 3759 457 3826 nonis
500 3767 564 3824 et
598 3758 1132 3848 Clytaemnestrae
1183 3760 1390 3828 sutura
1439 3768 1608 3826 sorte
1659 3760 1845 3826 verba
1899 3758 2045 3824 facit
2082 3757 2498 3839 pulcherrima
2552 3764 2617 3822 et

274 3854 633 3942 gravissima
693 3856 1130 3942 proferentem.
1213 3858 1285 3923 ln
1346 3856 1822 3944 Choephoris
1884 3856 2035 3942 quid
2096 3852 2404 3929 medium,
2466 3853 2616 3940 quid

285 3961 632 4018 extremum
686 3952 854 4018 dicas
906 3973 1033 4018 non
1086 3953 1264 4019 deest
1316 3954 1571 4040 quidem
1623 3952 1733 4018 sed
1785 3973 1990 4038 neque
2033 3950 2215 4016 certis
2257 3950 2428 4038 quod
2471 3949 2617 4015 fini-

277 4051 397 4116 bus
447 4047 802 4113 describere
850 4049 1055 4135 possis
1106 4071 1222 4116 nec
1272 4050 1442 4137 quod
1496 4058 1671 4116 extra
1720 4048 2028 4115 actionem
2072 4048 2153 4113 sit
2194 4046 2466 4134 positum
2510 4055 2618 4112 aut

276 4168 404 4234 quo
455 4145 845 4211 retineantur
895 4167 1024 4225 res,
1077 4146 1414 4235 quominus
1462 4147 1542 4213 ad
1592 4148 1826 4214 exitum
1878 4146 2266 4233 perveniant,
2321 4142 2612 4208 invenies.

274 4247 373 4308 An
418 4251 514 4308 est
555 4241 674 4308 alia
714 4242 1266 4311 Eumenidibus
1308 4243 1622 4311 conditio?
1700 4244 1836 4329 Ego
1879 4265 2005 4310 non
2048 4243 2242 4310 video.
2326 4243 2408 4303 At
2450 4246 2614 4303 certe

338 4557 351 4598 1
417 4474 473 4536 *J
511 4485 731 4605 ³⁸:5⁶⁰ss
762 4484 910 4604 megi:
946 4482 1097 4535 nouus
1136 4485 1362 4544 truoglae
1401 4479 1640 4538 dramatis
1675 4492 1904 4536 naturam
1948 4497 2063 4534 esse
2102 4482 2432 4532 cenninus
2478 4480 2615 4550 dixe·

276 4564 369 4600 ra.
409 4562 526 4611 pag.
637 4583 648 4599 ·
734 4561 797 4605 ot.
911 4587 921 4602 .
1306 4571 1309 4584 ·
