<?xml version="1.0" encoding="UTF-8"?>
<!DOCTYPE html PUBLIC "-//W3C//DTD XHTML 1.0 Transitional//EN"
    "http://www.w3.org/TR/xhtml1/DTD/xhtml1-transitional.dtd">
<html xmlns="http://www.w3.org/1999/xhtml" xml:lang="en" lang="en">
 <head>
  <title>
</title>
<meta http-equiv="Content-Type" content="text/html;charset=utf-8" />
  <meta name='ocr-system' content='tesseract 3.04.00' />
  <meta name='ocr-capabilities' content='ocr_page ocr_carea ocr_par ocr_line ocrx_word'/>
</head>
<body>
  <div class='ocr_page' id='page_1' title='image "./dererumdivinaru00haymgoog_0050.png"; bbox 0 0 2978 4869; ppageno 0'>
   <div class='ocr_carea' id='block_1_1' title="bbox 1334 207 1850 274">
    <p class='ocr_par' dir='ltr' id='par_1_1' title="bbox 1334 207 1850 274">
     <span class='ocr_line' id='line_1_1' title="bbox 1334 207 1850 274; baseline -0.012 -15"><span class='ocrx_word' id='word_1_1' title='bbox 1334 207 1850 274; x_wconf 64' lang='grc'><strong>..42-..,</strong></span> 
     </span>
    </p>
   </div>
   <div class='ocr_carea' id='block_1_2' title="bbox 378 376 2726 657">
    <p class='ocr_par' dir='ltr' id='par_1_2' title="bbox 378 376 2726 657">
     <span class='ocr_line' id='line_1_2' title="bbox 383 376 2726 465; baseline -0 -20"><span class='ocrx_word' id='word_1_2' title='bbox 383 378 522 446; x_wconf 78' lang='lat' dir='ltr'><strong>&#39;esse</strong></span> <span class='ocrx_word' id='word_1_3' title='bbox 571 378 1028 465; x_wconf 72' lang='lat' dir='ltr'>praedicantem</span> <span class='ocrx_word' id='word_1_4' title='bbox 1084 376 1264 444; x_wconf 87' lang='lat' dir='ltr'><strong>nobis</strong></span> <span class='ocrx_word' id='word_1_5' title='bbox 1316 378 1614 444; x_wconf 84' lang='lat' dir='ltr'><strong>finxisset.</strong></span> <span class='ocrx_word' id='word_1_6' title='bbox 1703 380 1939 444; x_wconf 78' lang='lat' dir='ltr'><strong>Verum</strong></span> <span class='ocrx_word' id='word_1_7' title='bbox 2002 378 2317 444; x_wconf 86' lang='lat' dir='ltr'><strong>enimvero</strong></span> <span class='ocrx_word' id='word_1_8' title='bbox 2380 398 2459 442; x_wconf 90' lang='lat' dir='ltr'><strong>ne</strong></span> <span class='ocrx_word' id='word_1_9' title='bbox 2520 376 2726 465; x_wconf 85' lang='lat' dir='ltr'><strong>potuit</strong></span> 
     </span>
     <span class='ocr_line' id='line_1_3' title="bbox 382 472 2724 563; baseline -0 -23"><span class='ocrx_word' id='word_1_10' title='bbox 382 476 633 563; x_wconf 77' lang='lat' dir='ltr'><strong>quidem</strong></span> <span class='ocrx_word' id='word_1_11' title='bbox 678 474 762 539; x_wconf 91' lang='lat' dir='ltr'><strong>ita</strong></span> <span class='ocrx_word' id='word_1_12' title='bbox 803 494 934 538; x_wconf 89' lang='lat' dir='ltr'><strong>rem</strong></span> <span class='ocrx_word' id='word_1_13' title='bbox 965 472 1305 552; x_wconf 80' lang='lat' dir='ltr'><strong>instituere,</strong></span> <span class='ocrx_word' id='word_1_14' title='bbox 1347 475 1580 561; x_wconf 86' lang='lat' dir='ltr'><strong>quippe</strong></span> <span class='ocrx_word' id='word_1_15' title='bbox 1612 494 1807 561; x_wconf 91' lang='lat' dir='ltr'><strong>quum</strong></span> <span class='ocrx_word' id='word_1_16' title='bbox 1849 474 1987 557; x_wconf 87' lang='lat' dir='ltr'><strong>ipsa</strong></span> <span class='ocrx_word' id='word_1_17' title='bbox 2014 476 2293 541; x_wconf 83' lang='lat' dir='ltr'><strong>Minerva</strong></span> <span class='ocrx_word' id='word_1_18' title='bbox 2335 495 2405 540; x_wconf 91' lang='lat' dir='ltr'><strong>se</strong></span> <span class='ocrx_word' id='word_1_19' title='bbox 2447 495 2579 540; x_wconf 88' lang='lat' dir='ltr'><strong>rem</strong></span> <span class='ocrx_word' id='word_1_20' title='bbox 2622 474 2724 540; x_wconf 88' lang='lat' dir='ltr'><strong>di-</strong></span> 
     </span>
     <span class='ocr_line' id='line_1_4' title="bbox 378 568 2722 657; baseline -0.001 -20"><span class='ocrx_word' id='word_1_21' title='bbox 378 571 846 657; x_wconf 86' lang='lat' dir='ltr'><strong>dijudicaturam</strong></span> <span class='ocrx_word' id='word_1_22' title='bbox 891 590 1031 635; x_wconf 89' lang='lat' dir='ltr'><strong>esse</strong></span> <span class='ocrx_word' id='word_1_23' title='bbox 1050 568 1296 635; x_wconf 83' lang='lat' dir='ltr'><strong>disertis</strong></span> <span class='ocrx_word' id='word_1_24' title='bbox 1336 570 1539 637; x_wconf 87' lang='lat' dir='ltr'><strong>verbis</strong></span> <span class='ocrx_word' id='word_1_25' title='bbox 1568 577 1749 635; x_wconf 88' lang='lat' dir='ltr'><strong>antea</strong></span> <span class='ocrx_word' id='word_1_26' title='bbox 1776 579 2065 655; x_wconf 81' lang='lat' dir='ltr'><strong>negasset</strong></span> <span class='ocrx_word' id='word_1_27' title='bbox 2102 571 2279 656; x_wconf 78' lang='lat'><strong>(741),</strong></span> <span class='ocrx_word' id='word_1_28' title='bbox 2322 571 2560 637; x_wconf 87' lang='lat' dir='ltr'><strong>calculo</strong></span> <span class='ocrx_word' id='word_1_29' title='bbox 2603 570 2722 656; x_wconf 86' lang='lat' dir='ltr'><strong>igi-</strong></span> 
     </span>
    </p>
   </div>
   <div class='ocr_carea' id='block_1_3' title="bbox 268 667 2723 754">
    <p class='ocr_par' dir='ltr' id='par_1_3' title="bbox 268 667 2723 754">
     <span class='ocr_line' id='line_1_5' title="bbox 268 667 2723 754; baseline 0 -21"><span class='ocrx_word' id='word_1_30' title='bbox 268 693 291 717; x_wconf 74' lang='lat'>=</span> <span class='ocrx_word' id='word_1_31' title='bbox 380 675 486 735; x_wconf 88' lang='lat' dir='ltr'><strong>tur</strong></span> <span class='ocrx_word' id='word_1_32' title='bbox 524 675 668 753; x_wconf 88' lang='lat' dir='ltr'><strong>post</strong></span> <span class='ocrx_word' id='word_1_33' title='bbox 710 675 1021 754; x_wconf 88' lang='lat' dir='ltr'><strong>repertum</strong></span> <span class='ocrx_word' id='word_1_34' title='bbox 1062 686 1272 751; x_wconf 83' lang='lat' dir='ltr'><strong>parem</strong></span> <span class='ocrx_word' id='word_1_35' title='bbox 1316 667 1752 751; x_wconf 83' lang='lat' dir='ltr'><strong>suffragiorum</strong></span> <span class='ocrx_word' id='word_1_36' title='bbox 1795 688 2126 732; x_wconf 89' lang='lat' dir='ltr'><strong>numerum</strong></span> <span class='ocrx_word' id='word_1_37' title='bbox 2177 667 2435 753; x_wconf 87' lang='lat' dir='ltr'><strong>insuper</strong></span> <span class='ocrx_word' id='word_1_38' title='bbox 2480 667 2723 754; x_wconf 82' lang='lat' dir='ltr'><strong>adjecto</strong></span> 
     </span>
    </p>
   </div>
   <div class='ocr_carea' id='block_1_4' title="bbox 377 761 2730 3732">
    <p class='ocr_par' dir='ltr' id='par_1_4' title="bbox 378 761 2730 2674">
     <span class='ocr_line' id='line_1_6' title="bbox 381 761 2724 849; baseline 0 -21"><span class='ocrx_word' id='word_1_39' title='bbox 381 769 445 829; x_wconf 89' lang='lat' dir='ltr'><strong>et</strong></span> <span class='ocrx_word' id='word_1_40' title='bbox 483 763 702 829; x_wconf 89' lang='lat' dir='ltr'><strong>Furias</strong></span> <span class='ocrx_word' id='word_1_41' title='bbox 754 762 1015 847; x_wconf 86' lang='lat' dir='ltr'><strong>graviter</strong></span> <span class='ocrx_word' id='word_1_42' title='bbox 1062 761 1423 828; x_wconf 83' lang='lat' dir='ltr'><strong>offendisset</strong></span> <span class='ocrx_word' id='word_1_43' title='bbox 1469 771 1534 828; x_wconf 89' lang='lat' dir='ltr'><strong>et</strong></span> <span class='ocrx_word' id='word_1_44' title='bbox 1582 783 1834 828; x_wconf 90' lang='lat' dir='ltr'><strong>omnem</strong></span> <span class='ocrx_word' id='word_1_45' title='bbox 1876 764 2345 849; x_wconf 81' lang='lat' dir='ltr'><strong>componendae</strong></span> <span class='ocrx_word' id='word_1_46' title='bbox 2394 763 2724 830; x_wconf 76' lang='lat' dir='ltr'><strong>simultatis</strong></span> 
     </span>
     <span class='ocr_line' id='line_1_7' title="bbox 379 858 2725 926; baseline 0 -1"><span class='ocrx_word' id='word_1_47' title='bbox 379 861 734 926; x_wconf 76' lang='lat' dir='ltr'><strong>facultatem</strong></span> <span class='ocrx_word' id='word_1_48' title='bbox 778 858 1150 924; x_wconf 87' lang='lat' dir='ltr'><strong>sustulisset.</strong></span> <span class='ocrx_word' id='word_1_49' title='bbox 1192 896 1268 906; x_wconf 90' lang='lat'>—</span> <span class='ocrx_word' id='word_1_50' title='bbox 1310 860 1545 925; x_wconf 86' lang='lat' dir='ltr'><strong>Verum</strong></span> <span class='ocrx_word' id='word_1_51' title='bbox 1587 858 1734 923; x_wconf 87' lang='lat' dir='ltr'><strong>licet</strong></span> <span class='ocrx_word' id='word_1_52' title='bbox 1773 881 1900 924; x_wconf 89' lang='lat' dir='ltr'><strong>non</strong></span> <span class='ocrx_word' id='word_1_53' title='bbox 1954 860 2039 925; x_wconf 87' lang='lat' dir='ltr'><strong>ita</strong></span> <span class='ocrx_word' id='word_1_54' title='bbox 2077 861 2202 926; x_wconf 90' lang='lat' dir='ltr'><strong>Mu</strong></span> <span class='ocrx_word' id='word_1_55' title='bbox 2218 859 2453 925; x_wconf 90' lang='lat' dir='ltr'><strong>ellero</strong></span> <span class='ocrx_word' id='word_1_56' title='bbox 2503 880 2725 925; x_wconf 89' lang='lat' dir='ltr'><strong>assen—</strong></span> 
     </span>
     <span class='ocr_line' id='line_1_8' title="bbox 379 954 2724 1040; baseline 0 -19"><span class='ocrx_word' id='word_1_57' title='bbox 379 956 569 1034; x_wconf 79' lang='lat' dir='ltr'><strong>tiariS,</strong></span> <span class='ocrx_word' id='word_1_58' title='bbox 612 964 683 1022; x_wconf 87' lang='lat' dir='ltr'><strong>ut</strong></span> <span class='ocrx_word' id='word_1_59' title='bbox 722 954 1123 1040; x_wconf 81' lang='lat' dir='ltr'><strong>praescivisse</strong></span> <span class='ocrx_word' id='word_1_60' title='bbox 1162 955 1503 1022; x_wconf 82' lang='lat' dir='ltr'><strong>Minervam</strong></span> <span class='ocrx_word' id='word_1_61' title='bbox 1544 955 1962 1040; x_wconf 79' lang='lat' dir='ltr'><strong>Areopagitici</strong></span> <span class='ocrx_word' id='word_1_62' title='bbox 2003 955 2215 1021; x_wconf 87' lang='lat' dir='ltr'><strong>iudicii</strong></span> <span class='ocrx_word' id='word_1_63' title='bbox 2260 963 2545 1023; x_wconf 83' lang='lat' dir='ltr'><strong>eventum</strong></span> <span class='ocrx_word' id='word_1_64' title='bbox 2590 963 2724 1021; x_wconf 87' lang='lat' dir='ltr'><strong>sta-</strong></span> 
     </span>
     <span class='ocr_line' id='line_1_9' title="bbox 378 1049 2725 1136; baseline -0.001 -17"><span class='ocrx_word' id='word_1_65' title='bbox 378 1060 521 1119; x_wconf 86' lang='lat' dir='ltr'><strong>tuas</strong></span> <span class='ocrx_word' id='word_1_66' title='bbox 560 1086 641 1099; x_wconf 89' lang='lat'><strong>-—</strong></span> <span class='ocrx_word' id='word_1_67' title='bbox 682 1051 770 1115; x_wconf 90' lang='lat' dir='ltr'><strong>sic</strong></span> <span class='ocrx_word' id='word_1_68' title='bbox 812 1050 978 1115; x_wconf 89' lang='lat' dir='ltr'><strong>enim</strong></span> <span class='ocrx_word' id='word_1_69' title='bbox 1021 1059 1233 1136; x_wconf 88' lang='lat' dir='ltr'><strong>aperte</strong></span> <span class='ocrx_word' id='word_1_70' title='bbox 1274 1052 1486 1117; x_wconf 86' lang='lat' dir='ltr'><strong>ludere</strong></span> <span class='ocrx_word' id='word_1_71' title='bbox 1529 1050 1749 1115; x_wconf 90' lang='lat' dir='ltr'><strong>Furias</strong></span> <span class='ocrx_word' id='word_1_72' title='bbox 1799 1057 1863 1114; x_wconf 90' lang='lat' dir='ltr'><strong>et</strong></span> <span class='ocrx_word' id='word_1_73' title='bbox 1909 1049 2092 1115; x_wconf 85' lang='lat' dir='ltr'><strong>foeda</strong></span> <span class='ocrx_word' id='word_1_74' title='bbox 2134 1051 2543 1117; x_wconf 86' lang='lat' dir='ltr'><strong>simulationis</strong></span> <span class='ocrx_word' id='word_1_75' title='bbox 2583 1072 2725 1116; x_wconf 88' lang='lat' dir='ltr'><strong>ma-</strong></span> 
     </span>
     <span class='ocr_line' id='line_1_10' title="bbox 381 1146 2724 1233; baseline 0 -20"><span class='ocrx_word' id='word_1_76' title='bbox 381 1148 520 1214; x_wconf 91' lang='lat' dir='ltr'><strong>cula</strong></span> <span class='ocrx_word' id='word_1_77' title='bbox 560 1146 923 1233; x_wconf 85' lang='lat' dir='ltr'><strong>sapientiam</strong></span> <span class='ocrx_word' id='word_1_78' title='bbox 965 1167 1142 1212; x_wconf 91' lang='lat' dir='ltr'><strong>suam</strong></span> <span class='ocrx_word' id='word_1_79' title='bbox 1187 1154 1251 1212; x_wconf 89' lang='lat' dir='ltr'><strong>et</strong></span> <span class='ocrx_word' id='word_1_80' title='bbox 1291 1146 1670 1213; x_wconf 81' lang='lat' dir='ltr'><strong>divinitatem</strong></span> <span class='ocrx_word' id='word_1_81' title='bbox 1714 1146 2132 1212; x_wconf 87' lang='lat' dir='ltr'><strong>contaminare</strong></span> <span class='ocrx_word' id='word_1_82' title='bbox 2173 1147 2485 1214; x_wconf 85' lang='lat' dir='ltr'><strong>videretur</strong></span> <span class='ocrx_word' id='word_1_83' title='bbox 2509 1183 2591 1196; x_wconf 91' lang='lat'><em>-</em></span> <span class='ocrx_word' id='word_1_84' title='bbox 2622 1155 2724 1213; x_wconf 90' lang='lat' dir='ltr'><strong>ta-</strong></span> 
     </span>
     <span class='ocr_line' id='line_1_11' title="bbox 381 1241 2724 1331; baseline -0 -21"><span class='ocrx_word' id='word_1_85' title='bbox 381 1266 526 1311; x_wconf 87' lang='lat' dir='ltr'><strong>men</strong></span> <span class='ocrx_word' id='word_1_86' title='bbox 548 1266 675 1310; x_wconf 87' lang='lat' dir='ltr'><strong>non</strong></span> <span class='ocrx_word' id='word_1_87' title='bbox 698 1242 933 1325; x_wconf 90' lang='lat' dir='ltr'><strong>poteris</strong></span> <span class='ocrx_word' id='word_1_88' title='bbox 956 1243 1108 1329; x_wconf 90' lang='lat' dir='ltr'><strong>quin</strong></span> <span class='ocrx_word' id='word_1_89' title='bbox 1149 1242 1213 1306; x_wconf 88' lang='lat' dir='ltr'><strong>in</strong></span> <span class='ocrx_word' id='word_1_90' title='bbox 1254 1241 1421 1308; x_wconf 91' lang='lat' dir='ltr'><strong>hunc</strong></span> <span class='ocrx_word' id='word_1_91' title='bbox 1442 1244 1700 1310; x_wconf 89' lang='lat' dir='ltr'><strong>modum</strong></span> <span class='ocrx_word' id='word_1_92' title='bbox 1730 1243 1882 1309; x_wconf 88' lang='lat' dir='ltr'><strong>illud</strong></span> <span class='ocrx_word' id='word_1_93' title='bbox 1911 1242 2211 1308; x_wconf 87' lang='lat' dir='ltr'><strong>iudicium</strong></span> <span class='ocrx_word' id='word_1_94' title='bbox 2240 1244 2459 1309; x_wconf 87' lang='lat' dir='ltr'><strong>cedere</strong></span> <span class='ocrx_word' id='word_1_95' title='bbox 2492 1262 2724 1331; x_wconf 90' lang='lat' dir='ltr'><strong>posse</strong></span> 
     </span>
     <span class='ocr_line' id='line_1_12' title="bbox 384 1337 2725 1428; baseline -0.001 -22"><span class='ocrx_word' id='word_1_96' title='bbox 384 1348 449 1406; x_wconf 89' lang='lat' dir='ltr'><strong>et</strong></span> <span class='ocrx_word' id='word_1_97' title='bbox 490 1348 821 1426; x_wconf 88' lang='lat' dir='ltr'><strong>propterea</strong></span> <span class='ocrx_word' id='word_1_98' title='bbox 873 1337 991 1403; x_wconf 91' lang='lat' dir='ltr'><strong>sibi</strong></span> <span class='ocrx_word' id='word_1_99' title='bbox 1041 1337 1121 1402; x_wconf 90' lang='lat' dir='ltr'><strong>de</strong></span> <span class='ocrx_word' id='word_1_100' title='bbox 1174 1338 1370 1403; x_wconf 90' lang='lat' dir='ltr'><strong>salute</strong></span> <span class='ocrx_word' id='word_1_101' title='bbox 1413 1339 1661 1406; x_wconf 90' lang='lat' dir='ltr'><strong>Orestis</strong></span> <span class='ocrx_word' id='word_1_102' title='bbox 1704 1339 2192 1428; x_wconf 81' lang='lat' dir='ltr'><strong>praecavendum</strong></span> <span class='ocrx_word' id='word_1_103' title='bbox 2236 1358 2402 1417; x_wconf 88' lang='lat' dir='ltr'><strong>esse,</strong></span> <span class='ocrx_word' id='word_1_104' title='bbox 2453 1340 2516 1403; x_wconf 90' lang='lat' dir='ltr'><strong>id</strong></span> <span class='ocrx_word' id='word_1_105' title='bbox 2567 1361 2725 1405; x_wconf 92' lang='lat' dir='ltr'><strong>con-</strong></span> 
     </span>
     <span class='ocr_line' id='line_1_13' title="bbox 382 1434 2725 1520; baseline -0.001 -18"><span class='ocrx_word' id='word_1_106' title='bbox 382 1436 565 1502; x_wconf 81' lang='lat' dir='ltr'><strong>cedas</strong></span> <span class='ocrx_word' id='word_1_107' title='bbox 620 1437 798 1500; x_wconf 90' lang='lat' dir='ltr'><strong>deam</strong></span> <span class='ocrx_word' id='word_1_108' title='bbox 839 1440 1132 1518; x_wconf 89' lang='lat' dir='ltr'><strong>reputare</strong></span> <span class='ocrx_word' id='word_1_109' title='bbox 1174 1434 1476 1515; x_wconf 89' lang='lat' dir='ltr'><strong>potuisse.</strong></span> <span class='ocrx_word' id='word_1_110' title='bbox 1560 1435 1974 1502; x_wconf 87' lang='lat' dir='ltr'><strong>Contendenti</strong></span> <span class='ocrx_word' id='word_1_111' title='bbox 2028 1454 2217 1520; x_wconf 90' lang='lat' dir='ltr'><strong>porro</strong></span> <span class='ocrx_word' id='word_1_112' title='bbox 2268 1434 2638 1501; x_wconf 84' lang='lat' dir='ltr'><strong>Muellero</strong></span> <span class='ocrx_word' id='word_1_113' title='bbox 2662 1436 2725 1518; x_wconf 79' lang='lat'><strong>¹¹),</strong></span> 
     </span>
     <span class='ocr_line' id='line_1_14' title="bbox 379 1529 2727 1618; baseline 0 -21"><span class='ocrx_word' id='word_1_114' title='bbox 379 1552 507 1598; x_wconf 93' lang='lat' dir='ltr'><strong>non</strong></span> <span class='ocrx_word' id='word_1_115' title='bbox 568 1530 815 1597; x_wconf 88' lang='lat' dir='ltr'><strong>licuisse</strong></span> <span class='ocrx_word' id='word_1_116' title='bbox 877 1529 1030 1594; x_wconf 89' lang='lat' dir='ltr'><strong>deae</strong></span> <span class='ocrx_word' id='word_1_117' title='bbox 1092 1530 1346 1617; x_wconf 88' lang='lat' dir='ltr'><strong>proprio</strong></span> <span class='ocrx_word' id='word_1_118' title='bbox 1410 1532 1633 1597; x_wconf 89' lang='lat' dir='ltr'><strong>iudicis</strong></span> <span class='ocrx_word' id='word_1_119' title='bbox 1693 1552 1956 1597; x_wconf 85' lang='lat' dir='ltr'><strong>munere</strong></span> <span class='ocrx_word' id='word_1_120' title='bbox 2005 1530 2208 1614; x_wconf 86' lang='lat' dir='ltr'><strong>fungi,</strong></span> <span class='ocrx_word' id='word_1_121' title='bbox 2270 1531 2504 1617; x_wconf 88' lang='lat' dir='ltr'><strong>quippe</strong></span> <span class='ocrx_word' id='word_1_122' title='bbox 2566 1552 2727 1618; x_wconf 90' lang='lat' dir='ltr'><strong>quae</strong></span> 
     </span>
     <span class='ocr_line' id='line_1_15' title="bbox 382 1625 2726 1715; baseline -0 -22"><span class='ocrx_word' id='word_1_123' title='bbox 382 1635 598 1715; x_wconf 86' lang='lat' dir='ltr'><strong>aperte</strong></span> <span class='ocrx_word' id='word_1_124' title='bbox 628 1627 748 1692; x_wconf 89' lang='lat' dir='ltr'><strong>hoc</strong></span> <span class='ocrx_word' id='word_1_125' title='bbox 780 1625 897 1691; x_wconf 88' lang='lat' dir='ltr'><strong>sibi</strong></span> <span class='ocrx_word' id='word_1_126' title='bbox 929 1626 1258 1693; x_wconf 87' lang='lat' dir='ltr'><strong>convenire</strong></span> <span class='ocrx_word' id='word_1_127' title='bbox 1282 1626 1438 1711; x_wconf 89' lang='grc'>(471)</span> <span class='ocrx_word' id='word_1_128' title='bbox 1471 1635 1779 1711; x_wconf 86' lang='lat' dir='ltr'><strong>negasset,</strong></span> <span class='ocrx_word' id='word_1_129' title='bbox 1810 1628 2027 1692; x_wconf 88' lang='lat' dir='ltr'><strong>Herm</strong></span> <span class='ocrx_word' id='word_1_130' title='bbox 2042 1646 2277 1691; x_wconf 89' lang='lat' dir='ltr'><strong>annus</strong></span> <span class='ocrx_word' id='word_1_131' title='bbox 2308 1648 2435 1691; x_wconf 95' lang='lat' dir='ltr'><strong>non</strong></span> <span class='ocrx_word' id='word_1_132' title='bbox 2466 1628 2726 1692; x_wconf 90' lang='lat' dir='ltr'><strong>omnino</strong></span> 
     </span>
     <span class='ocr_line' id='line_1_16' title="bbox 380 1713 2728 1790; baseline -0 -1"><span class='ocrx_word' id='word_1_133' title='bbox 380 1723 690 1790; x_wconf 84' lang='lat' dir='ltr'><strong>iudicandi</strong></span> <span class='ocrx_word' id='word_1_134' title='bbox 731 1721 842 1785; x_wconf 90' lang='lat' dir='ltr'><strong>sed</strong></span> <span class='ocrx_word' id='word_1_135' title='bbox 884 1721 1016 1785; x_wconf 86' lang='lat' dir='ltr'><strong>sine</strong></span> <span class='ocrx_word' id='word_1_136' title='bbox 1058 1720 1270 1785; x_wconf 86' lang='lat' dir='ltr'><strong>iudicii</strong></span> <span class='ocrx_word' id='word_1_137' title='bbox 1312 1722 1734 1788; x_wconf 87' lang='lat' dir='ltr'><strong>assessoribus</strong></span> <span class='ocrx_word' id='word_1_138' title='bbox 1775 1721 2087 1787; x_wconf 89' lang='lat' dir='ltr'><strong>iudicandi</strong></span> <span class='ocrx_word' id='word_1_139' title='bbox 2129 1713 2360 1787; x_wconf 85' lang='lat' dir='ltr'><strong>munus</strong></span> <span class='ocrx_word' id='word_1_140' title='bbox 2399 1743 2728 1788; x_wconf 88' lang='lat' dir='ltr'><strong>recusasse</strong></span> 
     </span>
     <span class='ocr_line' id='line_1_17' title="bbox 383 1815 2727 1906; baseline -0.001 -21"><span class='ocrx_word' id='word_1_141' title='bbox 383 1820 565 1884; x_wconf 89' lang='lat' dir='ltr'><strong>deam</strong></span> <span class='ocrx_word' id='word_1_142' title='bbox 605 1815 948 1903; x_wconf 87' lang='lat' dir='ltr'><strong>respondit.</strong></span> <span class='ocrx_word' id='word_1_143' title='bbox 1028 1816 1100 1881; x_wconf 88' lang='lat' dir='ltr'><strong>Id</strong></span> <span class='ocrx_word' id='word_1_144' title='bbox 1141 1837 1287 1883; x_wconf 84' lang='lat' dir='ltr'><strong>vero</strong></span> <span class='ocrx_word' id='word_1_145' title='bbox 1330 1820 1609 1903; x_wconf 88' lang='lat' dir='ltr'><strong>argutius</strong></span> <span class='ocrx_word' id='word_1_146' title='bbox 1650 1839 1838 1906; x_wconf 90' lang='lat' dir='ltr'><strong>quam</strong></span> <span class='ocrx_word' id='word_1_147' title='bbox 1879 1819 2084 1885; x_wconf 83' lang='lat' dir='ltr'><strong>verius</strong></span> <span class='ocrx_word' id='word_1_148' title='bbox 2125 1818 2357 1884; x_wconf 88' lang='lat' dir='ltr'><strong>dictum</strong></span> <span class='ocrx_word' id='word_1_149' title='bbox 2400 1827 2514 1884; x_wconf 87' lang='lat' dir='ltr'><strong>est.</strong></span> <span class='ocrx_word' id='word_1_150' title='bbox 2567 1820 2727 1885; x_wconf 88' lang='lat' dir='ltr'><strong>Nam</strong></span> 
     </span>
     <span class='ocr_line' id='line_1_18' title="bbox 381 1912 2727 2001; baseline -0.001 -20"><span class='ocrx_word' id='word_1_151' title='bbox 381 1938 509 1981; x_wconf 90' lang='lat' dir='ltr'><strong>non</strong></span> <span class='ocrx_word' id='word_1_152' title='bbox 549 1913 785 1981; x_wconf 86' lang='lat' dir='ltr'><strong>addidit</strong></span> <span class='ocrx_word' id='word_1_153' title='bbox 826 1912 1079 1999; x_wconf 89' lang='lat' dir='ltr'><strong>quidem</strong></span> <span class='ocrx_word' id='word_1_154' title='bbox 1120 1913 1418 1993; x_wconf 88' lang='lat' dir='ltr'><strong>Minerva,</strong></span> <span class='ocrx_word' id='word_1_155' title='bbox 1459 1937 1540 1980; x_wconf 91' lang='lat' dir='ltr'><strong>ne</strong></span> <span class='ocrx_word' id='word_1_156' title='bbox 1584 1936 1725 1981; x_wconf 90' lang='lat' dir='ltr'><strong>cum</strong></span> <span class='ocrx_word' id='word_1_157' title='bbox 1769 1915 1904 1980; x_wconf 88' lang='lat' dir='ltr'><strong>aliis</strong></span> <span class='ocrx_word' id='word_1_158' title='bbox 1943 1914 2195 2001; x_wconf 87' lang='lat' dir='ltr'><strong>quidem</strong></span> <span class='ocrx_word' id='word_1_159' title='bbox 2239 1936 2307 1980; x_wconf 90' lang='lat' dir='ltr'><strong>se</strong></span> <span class='ocrx_word' id='word_1_160' title='bbox 2349 1914 2513 1979; x_wconf 90' lang='lat' dir='ltr'><strong>nolle</strong></span> <span class='ocrx_word' id='word_1_161' title='bbox 2557 1914 2727 1979; x_wconf 91' lang='lat' dir='ltr'><strong>iudi-</strong></span> 
     </span>
     <span class='ocr_line' id='line_1_19' title="bbox 380 2008 2730 2097; baseline -0.001 -18"><span class='ocrx_word' id='word_1_162' title='bbox 380 2033 543 2090; x_wconf 84' lang='lat' dir='ltr'><strong>care,</strong></span> <span class='ocrx_word' id='word_1_163' title='bbox 586 2010 695 2075; x_wconf 88' lang='lat' dir='ltr'><strong>sed</strong></span> <span class='ocrx_word' id='word_1_164' title='bbox 736 2031 864 2075; x_wconf 90' lang='lat' dir='ltr'><strong>non</strong></span> <span class='ocrx_word' id='word_1_165' title='bbox 907 2009 1099 2093; x_wconf 88' lang='lat' dir='ltr'><strong>magis</strong></span> <span class='ocrx_word' id='word_1_166' title='bbox 1143 2029 1209 2072; x_wconf 91' lang='lat' dir='ltr'><strong>se</strong></span> <span class='ocrx_word' id='word_1_167' title='bbox 1250 2008 1404 2075; x_wconf 85' lang='lat' dir='ltr'><strong>velle</strong></span> <span class='ocrx_word' id='word_1_168' title='bbox 1445 2032 1587 2075; x_wconf 89' lang='lat' dir='ltr'><strong>cum</strong></span> <span class='ocrx_word' id='word_1_169' title='bbox 1628 2010 1780 2077; x_wconf 88' lang='lat' dir='ltr'><strong>aliis.</strong></span> <span class='ocrx_word' id='word_1_170' title='bbox 1849 2010 2025 2088; x_wconf 87' lang='lat' dir='ltr'><strong>Mihi,</strong></span> <span class='ocrx_word' id='word_1_171' title='bbox 2067 2010 2289 2097; x_wconf 91' lang='lat' dir='ltr'><strong>inquit,</strong></span> <span class='ocrx_word' id='word_1_172' title='bbox 2328 2009 2420 2075; x_wconf 85' lang='lat' dir='ltr'><strong>fas</strong></span> <span class='ocrx_word' id='word_1_173' title='bbox 2462 2030 2588 2075; x_wconf 91' lang='lat' dir='ltr'><strong>non</strong></span> <span class='ocrx_word' id='word_1_174' title='bbox 2632 2018 2730 2076; x_wconf 89' lang='lat' dir='ltr'><strong>est</strong></span> 
     </span>
     <span class='ocr_line' id='line_1_20' title="bbox 380 2105 2724 2194; baseline -0.001 -21"><span class='ocrx_word' id='word_1_175' title='bbox 380 2116 699 2174; x_wconf 89' lang='lat' dir='ltr'><strong>cruentam</strong></span> <span class='ocrx_word' id='word_1_176' title='bbox 741 2105 1046 2192; x_wconf 85' lang='lat' dir='ltr'><strong>ejusmodi</strong></span> <span class='ocrx_word' id='word_1_177' title='bbox 1086 2125 1336 2170; x_wconf 90' lang='lat' dir='ltr'><strong>causam</strong></span> <span class='ocrx_word' id='word_1_178' title='bbox 1379 2105 1757 2180; x_wconf 78' lang='lat' dir='ltr'><strong>discernere:</strong></span> <span class='ocrx_word' id='word_1_179' title='bbox 1810 2107 2048 2172; x_wconf 89' lang='lat' dir='ltr'><strong>iudices</strong></span> <span class='ocrx_word' id='word_1_180' title='bbox 2107 2107 2296 2191; x_wconf 86' lang='lat' dir='ltr'><strong>igitur</strong></span> <span class='ocrx_word' id='word_1_181' title='bbox 2344 2106 2565 2192; x_wconf 80' lang='lat' dir='ltr'><strong>eligam</strong></span> <span class='ocrx_word' id='word_1_182' title='bbox 2616 2107 2724 2194; x_wconf 92' lang='lat' dir='ltr'><strong>qui</strong></span> 
     </span>
     <span class='ocr_line' id='line_1_21' title="bbox 380 2201 2728 2287; baseline 0.001 -20"><span class='ocrx_word' id='word_1_183' title='bbox 380 2203 458 2268; x_wconf 89' lang='lat' dir='ltr'><strong>de</strong></span> <span class='ocrx_word' id='word_1_184' title='bbox 500 2201 689 2267; x_wconf 91' lang='lat' dir='ltr'><strong>caede</strong></span> <span class='ocrx_word' id='word_1_185' title='bbox 732 2207 798 2265; x_wconf 90' lang='lat' dir='ltr'><strong>et</strong></span> <span class='ocrx_word' id='word_1_186' title='bbox 836 2221 1003 2265; x_wconf 89' lang='lat' dir='ltr'><strong>nunc</strong></span> <span class='ocrx_word' id='word_1_187' title='bbox 1057 2208 1121 2266; x_wconf 90' lang='lat' dir='ltr'><strong>et</strong></span> <span class='ocrx_word' id='word_1_188' title='bbox 1161 2201 1224 2265; x_wconf 92' lang='lat' dir='ltr'><strong>in</strong></span> <span class='ocrx_word' id='word_1_189' title='bbox 1265 2209 1588 2287; x_wconf 87' lang='lat' dir='ltr'><strong>posterum</strong></span> <span class='ocrx_word' id='word_1_190' title='bbox 1632 2202 1911 2270; x_wconf 90' lang='lat' dir='ltr'><strong>iudicent</strong></span> <span class='ocrx_word' id='word_1_191' title='bbox 1954 2202 2035 2287; x_wconf 83' lang='lat' dir='ltr'><strong>(v.</strong></span> <span class='ocrx_word' id='word_1_192' title='bbox 2076 2206 2213 2267; x_wconf 82' lang='lat'><strong>471.</strong></span> <span class='ocrx_word' id='word_1_193' title='bbox 2255 2207 2374 2269; x_wconf 83' lang='lat'><strong>482</strong></span> <span class='ocrx_word' id='word_1_194' title='bbox 2417 2211 2480 2267; x_wconf 89' lang='lat' dir='ltr'><strong>et</strong></span> <span class='ocrx_word' id='word_1_195' title='bbox 2519 2208 2728 2269; x_wconf 82' lang='lat'>482-</span> 
     </span>
     <span class='ocr_line' id='line_1_22' title="bbox 379 2296 2725 2385; baseline -0 -21"><span class='ocrx_word' id='word_1_196' title='bbox 379 2297 536 2383; x_wconf 78' lang='lat'><strong>484).</strong></span> <span class='ocrx_word' id='word_1_197' title='bbox 598 2296 806 2363; x_wconf 90' lang='lat' dir='ltr'><strong>Omne</strong></span> <span class='ocrx_word' id='word_1_198' title='bbox 846 2296 948 2361; x_wconf 91' lang='lat' dir='ltr'><strong>hic</strong></span> <span class='ocrx_word' id='word_1_199' title='bbox 989 2318 1027 2362; x_wconf 91' lang='lat' dir='ltr'><strong>a</strong></span> <span class='ocrx_word' id='word_1_200' title='bbox 1067 2318 1135 2362; x_wconf 89' lang='lat' dir='ltr'><strong>se</strong></span> <span class='ocrx_word' id='word_1_201' title='bbox 1158 2296 1474 2384; x_wconf 88' lang='lat' dir='ltr'><strong>ju‘dicandi</strong></span> <span class='ocrx_word' id='word_1_202' title='bbox 1512 2299 1787 2366; x_wconf 86' lang='lat' dir='ltr'><strong>officium</strong></span> <span class='ocrx_word' id='word_1_203' title='bbox 1830 2298 1909 2363; x_wconf 87' lang='lat' dir='ltr'><strong>ad</strong></span> <span class='ocrx_word' id='word_1_204' title='bbox 1949 2298 2102 2363; x_wconf 88' lang='lat' dir='ltr'><strong>alios</strong></span> <span class='ocrx_word' id='word_1_205' title='bbox 2145 2298 2507 2385; x_wconf 87' lang='lat' dir='ltr'><strong>simpliciter</strong></span> <span class='ocrx_word' id='word_1_206' title='bbox 2545 2299 2725 2364; x_wconf 88' lang='lat' dir='ltr'><strong>deam</strong></span> 
     </span>
     <span class='ocr_line' id='line_1_23' title="bbox 378 2393 2728 2483; baseline -0.001 -20"><span class='ocrx_word' id='word_1_207' title='bbox 378 2393 707 2463; x_wconf 87' lang='lat' dir='ltr'><strong>transferre</strong></span> <span class='ocrx_word' id='word_1_208' title='bbox 752 2412 938 2460; x_wconf 89' lang='lat' dir='ltr'><strong>nemo</strong></span> <span class='ocrx_word' id='word_1_209' title='bbox 982 2396 1265 2476; x_wconf 85' lang='lat' dir='ltr'><strong>profecto</strong></span> <span class='ocrx_word' id='word_1_210' title='bbox 1315 2415 1590 2481; x_wconf 89' lang='lat' dir='ltr'><strong>unquam</strong></span> <span class='ocrx_word' id='word_1_211' title='bbox 1634 2403 1953 2482; x_wconf 88' lang='lat' dir='ltr'><strong>negasset,</strong></span> <span class='ocrx_word' id='word_1_212' title='bbox 2002 2395 2121 2461; x_wconf 89' lang='lat' dir='ltr'><strong>nisi</strong></span> <span class='ocrx_word' id='word_1_213' title='bbox 2174 2396 2499 2483; x_wconf 85' lang='lat' dir='ltr'><strong>sequentia</strong></span> <span class='ocrx_word' id='word_1_214' title='bbox 2549 2395 2728 2462; x_wconf 88' lang='lat' dir='ltr'><strong>aliter</strong></span> 
     </span>
     <span class='ocr_line' id='line_1_24' title="bbox 379 2491 2724 2580; baseline 0 -22"><span class='ocrx_word' id='word_1_215' title='bbox 379 2513 510 2558; x_wconf 88' lang='lat' dir='ltr'><strong>rem</strong></span> <span class='ocrx_word' id='word_1_216' title='bbox 553 2512 620 2557; x_wconf 89' lang='lat' dir='ltr'><strong>se</strong></span> <span class='ocrx_word' id='word_1_217' title='bbox 661 2491 892 2558; x_wconf 89' lang='lat' dir='ltr'><strong>habere</strong></span> <span class='ocrx_word' id='word_1_218' title='bbox 935 2491 1204 2557; x_wconf 88' lang='lat' dir='ltr'><strong>indicare</strong></span> <span class='ocrx_word' id='word_1_219' title='bbox 1245 2492 1559 2557; x_wconf 88' lang='lat' dir='ltr'><strong>nonnullis</strong></span> <span class='ocrx_word' id='word_1_220' title='bbox 1600 2492 1729 2558; x_wconf 88' lang='lat' dir='ltr'><strong>visa</strong></span> <span class='ocrx_word' id='word_1_221' title='bbox 1768 2498 1995 2558; x_wconf 89' lang='lat' dir='ltr'><strong>essent.</strong></span> <span class='ocrx_word' id='word_1_222' title='bbox 2074 2493 2334 2557; x_wconf 89' lang='lat' dir='ltr'><strong>Interim</strong></span> <span class='ocrx_word' id='word_1_223' title='bbox 2374 2492 2502 2560; x_wconf 88' lang='lat' dir='ltr'><strong>suis</strong></span> <span class='ocrx_word' id='word_1_224' title='bbox 2545 2493 2724 2580; x_wconf 86' lang='lat' dir='ltr'><strong>quis-</strong></span> 
     </span>
     <span class='ocr_line' id='line_1_25' title="bbox 379 2587 1502 2674; baseline -0.003 -20"><span class='ocrx_word' id='word_1_225' title='bbox 379 2609 502 2674; x_wconf 89' lang='lat' dir='ltr'><strong>que</strong></span> <span class='ocrx_word' id='word_1_226' title='bbox 543 2588 719 2653; x_wconf 91' lang='lat' dir='ltr'><strong>locus</strong></span> <span class='ocrx_word' id='word_1_227' title='bbox 761 2587 1100 2652; x_wconf 89' lang='lat' dir='ltr'><strong>luminibus</strong></span> <span class='ocrx_word' id='word_1_228' title='bbox 1141 2587 1502 2652; x_wconf 88' lang='lat' dir='ltr'><strong>illustretur.</strong></span> 
     </span>
    </p>

    <p class='ocr_par' dir='ltr' id='par_1_5' title="bbox 377 2680 2729 3732">
     <span class='ocr_line' id='line_1_26' title="bbox 538 2680 2725 2768; baseline 0.002 -21"><span class='ocrx_word' id='word_1_229' title='bbox 538 2684 772 2747; x_wconf 89' lang='lat' dir='ltr'><strong>Verum</strong></span> <span class='ocrx_word' id='word_1_230' title='bbox 817 2689 1202 2767; x_wconf 87' lang='lat' dir='ltr'><strong>quantopere</strong></span> <span class='ocrx_word' id='word_1_231' title='bbox 1248 2680 1368 2747; x_wconf 90' lang='lat' dir='ltr'><strong>dea</strong></span> <span class='ocrx_word' id='word_1_232' title='bbox 1408 2681 1684 2762; x_wconf 84' lang='lat' dir='ltr'><strong>iustitiae</strong></span> <span class='ocrx_word' id='word_1_233' title='bbox 1725 2682 1893 2766; x_wconf 90' lang='lat' dir='ltr'><strong>leges</strong></span> <span class='ocrx_word' id='word_1_234' title='bbox 1929 2683 2286 2768; x_wconf 85' lang='lat' dir='ltr'><strong>neglexerit,</strong></span> <span class='ocrx_word' id='word_1_235' title='bbox 2329 2683 2380 2751; x_wconf 91' lang='lat' dir='ltr'><strong>si</strong></span> <span class='ocrx_word' id='word_1_236' title='bbox 2423 2687 2499 2752; x_wconf 87' lang='lat' dir='ltr'><strong>ad</strong></span> <span class='ocrx_word' id='word_1_237' title='bbox 2540 2707 2725 2753; x_wconf 89' lang='lat' dir='ltr'><strong>men-</strong></span> 
     </span>
     <span class='ocr_line' id='line_1_27' title="bbox 378 2776 2726 2868; baseline 0.001 -22"><span class='ocrx_word' id='word_1_238' title='bbox 378 2788 505 2846; x_wconf 89' lang='lat' dir='ltr'><strong>tem</strong></span> <span class='ocrx_word' id='word_1_239' title='bbox 546 2777 953 2844; x_wconf 88' lang='lat' dir='ltr'><strong>Hermanni</strong></span> <span class='ocrx_word' id='word_1_240' title='bbox 1008 2798 1144 2842; x_wconf 88' lang='lat' dir='ltr'><strong>eam</strong></span> <span class='ocrx_word' id='word_1_241' title='bbox 1194 2776 1376 2842; x_wconf 89' lang='lat' dir='ltr'><strong>nobis</strong></span> <span class='ocrx_word' id='word_1_242' title='bbox 1429 2777 1746 2863; x_wconf 87' lang='lat' dir='ltr'><strong>fingimus,</strong></span> <span class='ocrx_word' id='word_1_243' title='bbox 1798 2779 2075 2845; x_wconf 89' lang='lat' dir='ltr'><strong>nondum</strong></span> <span class='ocrx_word' id='word_1_244' title='bbox 2127 2781 2280 2847; x_wconf 87' lang='lat' dir='ltr'><strong>satis</strong></span> <span class='ocrx_word' id='word_1_245' title='bbox 2327 2790 2726 2868; x_wconf 85' lang='lat' dir='ltr'><strong>perspectum</strong></span> 
     </span>
     <span class='ocr_line' id='line_1_28' title="bbox 377 2872 2728 2964; baseline 0.001 -22"><span class='ocrx_word' id='word_1_246' title='bbox 377 2876 697 2942; x_wconf 89' lang='lat' dir='ltr'><strong>habemus.</strong></span> <span class='ocrx_word' id='word_1_247' title='bbox 778 2872 1067 2940; x_wconf 81' lang='lat' dir='ltr'><strong>Peccavit</strong></span> <span class='ocrx_word' id='word_1_248' title='bbox 1107 2872 1272 2937; x_wconf 89' lang='lat' dir='ltr'><strong>enim</strong></span> <span class='ocrx_word' id='word_1_249' title='bbox 1313 2896 1439 2940; x_wconf 91' lang='lat' dir='ltr'><strong>non</strong></span> <span class='ocrx_word' id='word_1_250' title='bbox 1483 2874 1675 2940; x_wconf 88' lang='lat' dir='ltr'><strong>semel</strong></span> <span class='ocrx_word' id='word_1_251' title='bbox 1719 2882 1990 2953; x_wconf 88' lang='lat' dir='ltr'><strong>tantum,</strong></span> <span class='ocrx_word' id='word_1_252' title='bbox 2044 2877 2149 2941; x_wconf 90' lang='lat' dir='ltr'><strong>sed</strong></span> <span class='ocrx_word' id='word_1_253' title='bbox 2200 2899 2395 2963; x_wconf 91' lang='lat' dir='ltr'><strong>quum</strong></span> <span class='ocrx_word' id='word_1_254' title='bbox 2437 2878 2728 2964; x_wconf 87' lang='lat' dir='ltr'><strong>injuriam</strong></span> 
     </span>
     <span class='ocr_line' id='line_1_29' title="bbox 380 2969 2729 3059; baseline 0.002 -23"><span class='ocrx_word' id='word_1_255' title='bbox 380 2972 573 3037; x_wconf 87' lang='lat' dir='ltr'><strong>semel</strong></span> <span class='ocrx_word' id='word_1_256' title='bbox 625 2970 1069 3045; x_wconf 88' lang='lat' dir='ltr'><strong>commisisset,</strong></span> <span class='ocrx_word' id='word_1_257' title='bbox 1120 2969 1308 3034; x_wconf 91' lang='lat' dir='ltr'><strong>altera</strong></span> <span class='ocrx_word' id='word_1_258' title='bbox 1358 2972 1711 3037; x_wconf 87' lang='lat' dir='ltr'><strong>necessario</strong></span> <span class='ocrx_word' id='word_1_259' title='bbox 1754 2978 1967 3038; x_wconf 88' lang='lat' dir='ltr'><strong>secuta</strong></span> <span class='ocrx_word' id='word_1_260' title='bbox 2016 2981 2129 3038; x_wconf 86' lang='lat' dir='ltr'><strong>est.</strong></span> <span class='ocrx_word' id='word_1_261' title='bbox 2210 2973 2515 3059; x_wconf 88' lang='lat' dir='ltr'><strong>Imparem</strong></span> <span class='ocrx_word' id='word_1_262' title='bbox 2557 2977 2729 3041; x_wconf 87' lang='lat' dir='ltr'><strong>enim</strong></span> 
     </span>
     <span class='ocr_line' id='line_1_30' title="bbox 378 3065 2728 3157; baseline 0.002 -25"><span class='ocrx_word' id='word_1_263' title='bbox 378 3065 892 3154; x_wconf 81' lang='lat' dir='ltr'><strong>Areopagitarum</strong></span> <span class='ocrx_word' id='word_1_264' title='bbox 944 3084 1272 3130; x_wconf 87' lang='lat' dir='ltr'><strong>numerum</strong></span> <span class='ocrx_word' id='word_1_265' title='bbox 1314 3068 1661 3146; x_wconf 88' lang='lat' dir='ltr'><strong>accessivit,</strong></span> <span class='ocrx_word' id='word_1_266' title='bbox 1727 3087 1849 3155; x_wconf 90' lang='lat' dir='ltr'><strong>qua</strong></span> <span class='ocrx_word' id='word_1_267' title='bbox 1900 3069 2140 3135; x_wconf 89' lang='lat' dir='ltr'><strong>ratione</strong></span> <span class='ocrx_word' id='word_1_268' title='bbox 2190 3069 2424 3156; x_wconf 90' lang='lat' dir='ltr'><strong>optime</strong></span> <span class='ocrx_word' id='word_1_269' title='bbox 2476 3072 2728 3157; x_wconf 82' lang='lat' dir='ltr'><strong>praevi-</strong></span> 
     </span>
     <span class='ocr_line' id='line_1_31' title="bbox 381 3160 2727 3254; baseline 0.001 -24"><span class='ocrx_word' id='word_1_270' title='bbox 381 3185 519 3231; x_wconf 83' lang='lat' dir='ltr'><strong>sum</strong></span> <span class='ocrx_word' id='word_1_271' title='bbox 561 3173 712 3241; x_wconf 88' lang='lat' dir='ltr'><strong>erat,</strong></span> <span class='ocrx_word' id='word_1_272' title='bbox 753 3183 833 3227; x_wconf 90' lang='lat' dir='ltr'><strong>ne</strong></span> <span class='ocrx_word' id='word_1_273' title='bbox 874 3182 977 3227; x_wconf 90' lang='lat' dir='ltr'><strong>res</strong></span> <span class='ocrx_word' id='word_1_274' title='bbox 1019 3160 1085 3226; x_wconf 90' lang='lat' dir='ltr'><strong>in</strong></span> <span class='ocrx_word' id='word_1_275' title='bbox 1125 3179 1434 3249; x_wconf 87' lang='lat' dir='ltr'><strong>suspenso</strong></span> <span class='ocrx_word' id='word_1_276' title='bbox 1476 3171 1772 3228; x_wconf 87' lang='lat' dir='ltr'><strong>maneret.</strong></span> <span class='ocrx_word' id='word_1_277' title='bbox 1853 3165 1992 3230; x_wconf 85' lang='lat' dir='ltr'><strong>Jam</strong></span> <span class='ocrx_word' id='word_1_278' title='bbox 2034 3165 2193 3232; x_wconf 91' lang='lat' dir='ltr'><strong>hanc</strong></span> <span class='ocrx_word' id='word_1_279' title='bbox 2233 3167 2443 3232; x_wconf 88' lang='lat' dir='ltr'><strong>iudicii</strong></span> <span class='ocrx_word' id='word_1_280' title='bbox 2486 3188 2727 3254; x_wconf 91' lang='lat' dir='ltr'><strong>oppor-</strong></span> 
     </span>
     <span class='ocr_line' id='line_1_32' title="bbox 380 3258 2726 3348; baseline 0.002 -22"><span class='ocrx_word' id='word_1_281' title='bbox 380 3259 709 3327; x_wconf 88' lang='lat' dir='ltr'><strong>tunitatem</strong></span> <span class='ocrx_word' id='word_1_282' title='bbox 778 3258 1171 3344; x_wconf 87' lang='lat' dir='ltr'><strong>insipientius</strong></span> <span class='ocrx_word' id='word_1_283' title='bbox 1241 3259 1437 3325; x_wconf 88' lang='lat' dir='ltr'><strong>dicam</strong></span> <span class='ocrx_word' id='word_1_284' title='bbox 1501 3281 1581 3325; x_wconf 90' lang='lat' dir='ltr'><strong>an</strong></span> <span class='ocrx_word' id='word_1_285' title='bbox 1640 3259 1930 3346; x_wconf 86' lang='lat' dir='ltr'><strong>injustius</strong></span> <span class='ocrx_word' id='word_1_286' title='bbox 1992 3262 2128 3348; x_wconf 90' lang='lat' dir='ltr'><strong>ipsa</strong></span> <span class='ocrx_word' id='word_1_287' title='bbox 2167 3262 2393 3328; x_wconf 88' lang='lat' dir='ltr'><strong>tollens</strong></span> <span class='ocrx_word' id='word_1_288' title='bbox 2460 3265 2525 3328; x_wconf 90' lang='lat' dir='ltr'><strong>in</strong></span> <span class='ocrx_word' id='word_1_289' title='bbox 2588 3286 2726 3331; x_wconf 90' lang='lat' dir='ltr'><strong>eam</strong></span> 
     </span>
     <span class='ocr_line' id='line_1_33' title="bbox 378 3353 2728 3445; baseline 0.002 -24"><span class='ocrx_word' id='word_1_290' title='bbox 378 3354 643 3421; x_wconf 85' lang='lat' dir='ltr'><strong>adducta</strong></span> <span class='ocrx_word' id='word_1_291' title='bbox 694 3361 792 3417; x_wconf 89' lang='lat' dir='ltr'><strong>est</strong></span> <span class='ocrx_word' id='word_1_292' title='bbox 844 3353 1309 3433; x_wconf 87' lang='lat' dir='ltr'><strong>necessitatem,</strong></span> <span class='ocrx_word' id='word_1_293' title='bbox 1376 3362 1450 3421; x_wconf 88' lang='lat' dir='ltr'><strong>ut</strong></span> <span class='ocrx_word' id='word_1_294' title='bbox 1498 3356 1779 3421; x_wconf 86' lang='lat' dir='ltr'><strong>futurum</strong></span> <span class='ocrx_word' id='word_1_295' title='bbox 1828 3355 2094 3424; x_wconf 86' lang='lat' dir='ltr'><strong>fortasse</strong></span> <span class='ocrx_word' id='word_1_296' title='bbox 2144 3360 2503 3445; x_wconf 88' lang='lat' dir='ltr'><strong>ambiguum</strong></span> <span class='ocrx_word' id='word_1_297' title='bbox 2557 3361 2728 3426; x_wconf 69' lang='lat' dir='ltr'><strong>iudi—⁴-</strong></span> 
     </span>
     <span class='ocr_line' id='line_1_34' title="bbox 379 3449 2727 3541; baseline 0.003 -25"><span class='ocrx_word' id='word_1_298' title='bbox 379 3451 547 3517; x_wconf 88' lang='lat' dir='ltr'><strong>cium</strong></span> <span class='ocrx_word' id='word_1_299' title='bbox 598 3449 789 3515; x_wconf 88' lang='lat' dir='ltr'><strong>altera</strong></span> <span class='ocrx_word' id='word_1_300' title='bbox 839 3449 1096 3534; x_wconf 89' lang='lat' dir='ltr'><strong>insuper</strong></span> <span class='ocrx_word' id='word_1_301' title='bbox 1116 3487 1125 3494; x_wconf 77' lang='grc'><strong>-</strong></span> <span class='ocrx_word' id='word_1_302' title='bbox 1145 3450 1423 3515; x_wconf 88' lang='lat' dir='ltr'><strong>addenda</strong></span> <span class='ocrx_word' id='word_1_303' title='bbox 1476 3452 1603 3519; x_wconf 83' lang='lat' dir='ltr'><strong>sive</strong></span> <span class='ocrx_word' id='word_1_304' title='bbox 1663 3453 1968 3518; x_wconf 85' lang='lat' dir='ltr'><strong>sententia</strong></span> <span class='ocrx_word' id='word_1_305' title='bbox 2020 3454 2147 3524; x_wconf 87' lang='lat' dir='ltr'><strong>sive</strong></span> <span class='ocrx_word' id='word_1_306' title='bbox 2199 3456 2335 3541; x_wconf 92' lang='lat' dir='ltr'><strong>lege</strong></span> <span class='ocrx_word' id='word_1_307' title='bbox 2390 3456 2727 3524; x_wconf 82' lang='lat' dir='ltr'><strong>dirimeret.</strong></span> 
     </span>
     <span class='ocr_line' id='line_1_35' title="bbox 378 3545 2729 3635; baseline 0.002 -21"><span class='ocrx_word' id='word_1_308' title='bbox 378 3547 573 3634; x_wconf 88' lang='lat' dir='ltr'><strong>Igitur</strong></span> <span class='ocrx_word' id='word_1_309' title='bbox 612 3567 807 3633; x_wconf 89' lang='lat' dir='ltr'><strong>quum</strong></span> <span class='ocrx_word' id='word_1_310' title='bbox 859 3545 1090 3612; x_wconf 89' lang='lat' dir='ltr'><strong>nullam</strong></span> <span class='ocrx_word' id='word_1_311' title='bbox 1142 3554 1325 3613; x_wconf 81' lang='lat' dir='ltr'><strong>antea</strong></span> <span class='ocrx_word' id='word_1_312' title='bbox 1367 3547 1483 3613; x_wconf 90' lang='lat' dir='ltr'><strong>sibi</strong></span> <span class='ocrx_word' id='word_1_313' title='bbox 1534 3568 1676 3613; x_wconf 91' lang='lat' dir='ltr'><strong>cum</strong></span> <span class='ocrx_word' id='word_1_314' title='bbox 1727 3549 1866 3635; x_wconf 91' lang='lat' dir='ltr'><strong>ipso</strong></span> <span class='ocrx_word' id='word_1_315' title='bbox 1915 3550 2145 3616; x_wconf 88' lang='lat' dir='ltr'><strong>iudicio</strong></span> <span class='ocrx_word' id='word_1_316' title='bbox 2193 3570 2326 3617; x_wconf 88' lang='lat' dir='ltr'><strong>rem</strong></span> <span class='ocrx_word' id='word_1_317' title='bbox 2368 3553 2503 3618; x_wconf 86' lang='lat' dir='ltr'><strong>fore</strong></span> <span class='ocrx_word' id='word_1_318' title='bbox 2544 3573 2729 3619; x_wconf 88' lang='lat' dir='ltr'><strong>asse-</strong></span> 
     </span>
     <span class='ocr_line' id='line_1_36' title="bbox 378 3642 2729 3732; baseline 0.002 -21"><span class='ocrx_word' id='word_1_319' title='bbox 378 3651 668 3723; x_wconf 80' lang='lat' dir='ltr'><strong>verasset,</strong></span> <span class='ocrx_word' id='word_1_320' title='bbox 710 3643 989 3729; x_wconf 88' lang='lat' dir='ltr'><strong>duplices</strong></span> <span class='ocrx_word' id='word_1_321' title='bbox 1016 3664 1184 3710; x_wconf 91' lang='lat' dir='ltr'><strong>nunc</strong></span> <span class='ocrx_word' id='word_1_322' title='bbox 1225 3642 1341 3709; x_wconf 90' lang='lat' dir='ltr'><strong>sibi</strong></span> <span class='ocrx_word' id='word_1_323' title='bbox 1385 3652 1593 3731; x_wconf 88' lang='lat' dir='ltr'><strong>partes</strong></span> <span class='ocrx_word' id='word_1_324' title='bbox 1624 3645 1957 3731; x_wconf 82' lang='lat' dir='ltr'><strong>adrogavit,</strong></span> <span class='ocrx_word' id='word_1_325' title='bbox 1997 3666 2209 3732; x_wconf 90' lang='lat' dir='ltr'><strong>neque</strong></span> <span class='ocrx_word' id='word_1_326' title='bbox 2240 3647 2301 3712; x_wconf 92' lang='lat' dir='ltr'><strong>id</strong></span> <span class='ocrx_word' id='word_1_327' title='bbox 2329 3649 2420 3714; x_wconf 92' lang='lat' dir='ltr'><strong>rei</strong></span> <span class='ocrx_word' id='word_1_328' title='bbox 2444 3647 2729 3716; x_wconf 89' lang='lat' dir='ltr'><strong>necessi-</strong></span> 
     </span>
    </p>
   </div>
   <div class='ocr_carea' id='block_1_5' title="bbox 251 3739 2725 3833">
    <p class='ocr_par' dir='ltr' id='par_1_6' title="bbox 251 3739 2725 3833">
     <span class='ocr_line' id='line_1_37' title="bbox 251 3739 2725 3833; baseline 0.005 -30"><span class='ocrx_word' id='word_1_329' title='bbox 251 3785 255 3790; x_wconf 52' lang='lat'>«</span> <span class='ocrx_word' id='word_1_330' title='bbox 378 3747 505 3804; x_wconf 90' lang='lat' dir='ltr'><strong>tate</strong></span> <span class='ocrx_word' id='word_1_331' title='bbox 547 3749 787 3819; x_wconf 89' lang='lat' dir='ltr'><strong>coacta,</strong></span> <span class='ocrx_word' id='word_1_332' title='bbox 830 3740 938 3805; x_wconf 88' lang='lat' dir='ltr'><strong>sed</strong></span> <span class='ocrx_word' id='word_1_333' title='bbox 981 3760 1094 3806; x_wconf 91' lang='lat' dir='ltr'><strong>sua</strong></span> <span class='ocrx_word' id='word_1_334' title='bbox 1134 3739 1331 3827; x_wconf 89' lang='lat' dir='ltr'><strong>ipsius</strong></span> <span class='ocrx_word' id='word_1_335' title='bbox 1373 3748 1482 3805; x_wconf 90' lang='lat' dir='ltr'><strong>aut</strong></span> <span class='ocrx_word' id='word_1_336' title='bbox 1522 3741 1813 3820; x_wconf 87' lang='lat' dir='ltr'><strong>stultitia,</strong></span> <span class='ocrx_word' id='word_1_337' title='bbox 1875 3750 1984 3809; x_wconf 90' lang='lat' dir='ltr'><strong>aut</strong></span> <span class='ocrx_word' id='word_1_338' title='bbox 2023 3744 2248 3810; x_wconf 88' lang='lat' dir='ltr'><strong>astutia</strong></span> <span class='ocrx_word' id='word_1_339' title='bbox 2291 3767 2368 3810; x_wconf 93' lang='lat' dir='ltr'><strong>eo</strong></span> <span class='ocrx_word' id='word_1_340' title='bbox 2409 3747 2725 3833; x_wconf 88' lang='lat' dir='ltr'><strong>perducta.</strong></span> 
     </span>
    </p>
   </div>
   <div class='ocr_carea' id='block_1_6' title="bbox 379 3835 2727 4313">
    <p class='ocr_par' dir='ltr' id='par_1_7' title="bbox 379 3835 2727 4313">
     <span class='ocr_line' id='line_1_38' title="bbox 386 3835 2726 3923; baseline 0.005 -22"><span class='ocrx_word' id='word_1_341' title='bbox 386 3835 741 3921; x_wconf 88' lang='lat' dir='ltr'><strong>Sapientior</strong></span> <span class='ocrx_word' id='word_1_342' title='bbox 790 3858 940 3904; x_wconf 87' lang='lat' dir='ltr'><strong>sane</strong></span> <span class='ocrx_word' id='word_1_343' title='bbox 993 3844 1058 3903; x_wconf 90' lang='lat' dir='ltr'><strong>et</strong></span> <span class='ocrx_word' id='word_1_344' title='bbox 1107 3836 1317 3919; x_wconf 91' lang='lat' dir='ltr'><strong>paullo</strong></span> <span class='ocrx_word' id='word_1_345' title='bbox 1366 3837 1563 3923; x_wconf 87' lang='lat' dir='ltr'><strong>magis</strong></span> <span class='ocrx_word' id='word_1_346' title='bbox 1617 3838 1888 3905; x_wconf 86' lang='lat' dir='ltr'><strong>iustitiae</strong></span> <span class='ocrx_word' id='word_1_347' title='bbox 1941 3861 2156 3906; x_wconf 87' lang='lat' dir='ltr'><strong>amans</strong></span> <span class='ocrx_word' id='word_1_348' title='bbox 2203 3842 2554 3909; x_wconf 89' lang='lat' dir='ltr'><strong>Muelleri</strong></span> <span class='ocrx_word' id='word_1_349' title='bbox 2593 3845 2726 3911; x_wconf 83' lang='lat' dir='ltr'><strong>Mi-</strong></span> 
     </span>
     <span class='ocr_line' id='line_1_39' title="bbox 380 3932 2727 4027; baseline 0.006 -32"><span class='ocrx_word' id='word_1_350' title='bbox 380 3951 584 3997; x_wconf 86' lang='lat' dir='ltr'><strong>nerva.</strong></span> <span class='ocrx_word' id='word_1_351' title='bbox 667 3934 837 3999; x_wconf 89' lang='lat' dir='ltr'><strong>Haec</strong></span> <span class='ocrx_word' id='word_1_352' title='bbox 879 3933 1045 3999; x_wconf 88' lang='lat' dir='ltr'><strong>enim</strong></span> <span class='ocrx_word' id='word_1_353' title='bbox 1089 3932 1400 4001; x_wconf 90' lang='lat' dir='ltr'><strong>iudicandi</strong></span> <span class='ocrx_word' id='word_1_354' title='bbox 1441 3935 1699 4002; x_wconf 87' lang='lat' dir='ltr'><strong>omnino</strong></span> <span class='ocrx_word' id='word_1_355' title='bbox 1740 3956 1887 4013; x_wconf 89' lang='lat' dir='ltr'><strong>non,</strong></span> <span class='ocrx_word' id='word_1_356' title='bbox 1927 3934 2221 4002; x_wconf 85' lang='lat' dir='ltr'><strong>ferendae</strong></span> <span class='ocrx_word' id='word_1_357' title='bbox 2259 3959 2406 4005; x_wconf 82' lang='lat' dir='ltr'><strong>vero</strong></span> <span class='ocrx_word' id='word_1_358' title='bbox 2446 3941 2600 4027; x_wconf 88' lang='lat' dir='ltr'><strong>legis</strong></span> <span class='ocrx_word' id='word_1_359' title='bbox 2641 3942 2727 4008; x_wconf 87' lang='lat' dir='ltr'><strong>ita</strong></span> 
     </span>
     <span class='ocr_line' id='line_1_40' title="bbox 379 4027 2726 4118; baseline 0.005 -24"><span class='ocrx_word' id='word_1_360' title='bbox 379 4046 637 4094; x_wconf 88' lang='lat' dir='ltr'><strong>munere</strong></span> <span class='ocrx_word' id='word_1_361' title='bbox 679 4027 972 4113; x_wconf 81' lang='lat' dir='ltr'><strong>fungitur,</strong></span> <span class='ocrx_word' id='word_1_362' title='bbox 1012 4037 1086 4096; x_wconf 87' lang='lat' dir='ltr'><strong>ut</strong></span> <span class='ocrx_word' id='word_1_363' title='bbox 1126 4029 1259 4118; x_wconf 88' lang='lat' dir='ltr'><strong>pari</strong></span> <span class='ocrx_word' id='word_1_364' title='bbox 1301 4030 1576 4097; x_wconf 88' lang='lat' dir='ltr'><strong>iudicum</strong></span> <span class='ocrx_word' id='word_1_365' title='bbox 1604 4052 1868 4099; x_wconf 89' lang='lat' dir='ltr'><strong>numero</strong></span> <span class='ocrx_word' id='word_1_366' title='bbox 1909 4031 1973 4097; x_wconf 89' lang='lat' dir='ltr'><strong>in</strong></span> <span class='ocrx_word' id='word_1_367' title='bbox 2014 4032 2179 4099; x_wconf 88' lang='lat' dir='ltr'><strong>illam</strong></span> <span class='ocrx_word' id='word_1_368' title='bbox 2221 4034 2501 4103; x_wconf 85' lang='lat' dir='ltr'><strong>videatur</strong></span> <span class='ocrx_word' id='word_1_369' title='bbox 2540 4040 2726 4105; x_wconf 89' lang='lat' dir='ltr'><strong>ducta</strong></span> 
     </span>
     <span class='ocr_line' id='line_1_41' title="bbox 383 4122 2727 4217; baseline 0.005 -28"><span class='ocrx_word' id='word_1_370' title='bbox 383 4144 521 4190; x_wconf 90' lang='lat' dir='ltr'><strong>esse</strong></span> <span class='ocrx_word' id='word_1_371' title='bbox 564 4122 1017 4191; x_wconf 88' lang='lat' dir='ltr'><strong>necessitatem.</strong></span> <span class='ocrx_word' id='word_1_372' title='bbox 1099 4128 1237 4193; x_wconf 91' lang='lat' dir='ltr'><strong>Hoc</strong></span> <span class='ocrx_word' id='word_1_373' title='bbox 1274 4149 1423 4195; x_wconf 84' lang='lat' dir='ltr'><strong>vero</strong></span> <span class='ocrx_word' id='word_1_374' title='bbox 1463 4150 1590 4195; x_wconf 91' lang='lat' dir='ltr'><strong>non</strong></span> <span class='ocrx_word' id='word_1_375' title='bbox 1634 4128 1836 4196; x_wconf 89' lang='lat' dir='ltr'><strong>solum</strong></span> <span class='ocrx_word' id='word_1_376' title='bbox 1877 4128 2176 4217; x_wconf 85' lang='lat' dir='ltr'><strong>injustum</strong></span> <span class='ocrx_word' id='word_1_377' title='bbox 2217 4155 2344 4198; x_wconf 90' lang='lat' dir='ltr'><strong>non</strong></span> <span class='ocrx_word' id='word_1_378' title='bbox 2396 4155 2561 4213; x_wconf 88' lang='lat' dir='ltr'><strong>esse,</strong></span> <span class='ocrx_word' id='word_1_379' title='bbox 2613 4136 2727 4201; x_wconf 89' lang='lat' dir='ltr'><strong>sed</strong></span> 
     </span>
     <span class='ocr_line' id='line_1_42' title="bbox 382 4218 2723 4313; baseline 0.007 -32"><span class='ocrx_word' id='word_1_380' title='bbox 382 4218 465 4285; x_wconf 90' lang='lat' dir='ltr'><strong>ita</strong></span> <span class='ocrx_word' id='word_1_381' title='bbox 506 4219 836 4288; x_wconf 83' lang='lat' dir='ltr'><strong>convenire</strong></span> <span class='ocrx_word' id='word_1_382' title='bbox 877 4219 1190 4289; x_wconf 82' lang='lat' dir='ltr'><strong>Minervae</strong></span> <span class='ocrx_word' id='word_1_383' title='bbox 1229 4233 1302 4290; x_wconf 86' lang='lat' dir='ltr'><strong>ut</strong></span> <span class='ocrx_word' id='word_1_384' title='bbox 1340 4223 1492 4290; x_wconf 87' lang='lat' dir='ltr'><strong>nihil</strong></span> <span class='ocrx_word' id='word_1_385' title='bbox 1534 4226 1736 4313; x_wconf 87' lang='lat' dir='ltr'><strong>possit</strong></span> <span class='ocrx_word' id='word_1_386' title='bbox 1774 4226 1999 4312; x_wconf 78' lang='lat' dir='ltr'><strong>magis,</strong></span> <span class='ocrx_word' id='word_1_387' title='bbox 2041 4235 2210 4295; x_wconf 89' lang='lat' dir='ltr'><strong>recta</strong></span> <span class='ocrx_word' id='word_1_388' title='bbox 2251 4252 2326 4296; x_wconf 89' lang='lat' dir='ltr'><strong>ea</strong></span> <span class='ocrx_word' id='word_1_389' title='bbox 2367 4231 2723 4298; x_wconf 89' lang='lat' dir='ltr'><strong>Muelleri</strong></span> 
     </span>
    </p>
   </div>
   <div class='ocr_carea' id='block_1_7' title="bbox 381 4353 809 4369">
    <p class='ocr_par' dir='ltr' id='par_1_8' title="bbox 381 4353 809 4369">
     <span class='ocr_line' id='line_1_43' title="bbox 381 4353 809 4369; baseline 0 500"><span class='ocrx_word' id='word_1_390' title='bbox 381 4353 809 4369; x_wconf 95' lang='lat' dir='ltr'><strong> </strong></span> 
     </span>
    </p>
   </div>
   <div class='ocr_carea' id='block_1_8' title="bbox 383 4431 2724 4564">
    <p class='ocr_par' dir='ltr' id='par_1_9' title="bbox 383 4431 2724 4564">
     <span class='ocr_line' id='line_1_44' title="bbox 383 4431 2724 4564; baseline 0.007 -80"><span class='ocrx_word' id='word_1_391' title='bbox 383 4431 680 4564; x_wconf 40' lang='lat' dir='ltr'><strong>crusni&amp;</strong></span> <span class='ocrx_word' id='word_1_392' title='bbox 727 4444 878 4491; x_wconf 71' lang='lat' dir='ltr'><strong>libro:</strong></span> <span class='ocrx_word' id='word_1_393' title='bbox 926 4444 1143 4497; x_wconf 68' lang='lat' dir='ltr'><strong>Aithang</strong></span> <span class='ocrx_word' id='word_1_394' title='bbox 1187 4454 1256 4491; x_wconf 82' lang='lat' dir='ltr'><strong>zu</strong></span> <span class='ocrx_word' id='word_1_395' title='bbox 1302 4445 1411 4493; x_wconf 77' lang='lat' dir='ltr'><strong>dem</strong></span> <span class='ocrx_word' id='word_1_396' title='bbox 1446 4447 1618 4495; x_wconf 79' lang='lat' dir='ltr'><strong>Buche</strong></span> <span class='ocrx_word' id='word_1_397' title='bbox 1661 4449 1847 4499; x_wconf 73' lang='lat' dir='ltr'><strong>Aescu.</strong></span> <span class='ocrx_word' id='word_1_398' title='bbox 1895 4454 2034 4500; x_wconf 72' lang='lat' dir='ltr'><strong>Eum.</strong></span> <span class='ocrx_word' id='word_1_399' title='bbox 2083 4464 2183 4502; x_wconf 84' lang='lat' dir='ltr'><strong>von</strong></span> <span class='ocrx_word' id='word_1_400' title='bbox 2218 4455 2284 4504; x_wconf 80' lang='lat' dir='ltr'><strong>K.</strong></span> <span class='ocrx_word' id='word_1_401' title='bbox 2324 4457 2380 4506; x_wconf 88' lang='grc' dir='ltr'><strong>ο.</strong></span> <span class='ocrx_word' id='word_1_402' title='bbox 2417 4456 2724 4516; x_wconf 80' lang='lat' dir='ltr'><strong>Mueller,</strong></span> 
     </span>
    </p>
   </div>
   <div class='ocr_carea' id='block_1_9' title="bbox 2941 809 2951 2630">
    <p class='ocr_par' dir='ltr' id='par_1_10' title="bbox 2941 809 2951 2630">
     <span class='ocr_line' id='line_1_45' title="bbox 2941 809 2951 2630; baseline 0 0"><span class='ocrx_word' id='word_1_403' title='bbox 2941 809 2951 2630; x_wconf 95' lang='lat' dir='ltr'><strong> </strong></span> 
     </span>
    </p>
   </div>
  </div>
 </body>
</html>
