<?xml version="1.0" encoding="UTF-8"?>
<!DOCTYPE html PUBLIC "-//W3C//DTD XHTML 1.0 Transitional//EN"
    "http://www.w3.org/TR/xhtml1/DTD/xhtml1-transitional.dtd">
<html xmlns="http://www.w3.org/1999/xhtml" xml:lang="en" lang="en">
 <head>
  <title>
</title>
<meta http-equiv="Content-Type" content="text/html;charset=utf-8" />
  <meta name='ocr-system' content='tesseract 3.04.00' />
  <meta name='ocr-capabilities' content='ocr_page ocr_carea ocr_par ocr_line ocrx_word'/>
</head>
<body>
  <div class='ocr_page' id='page_1' title='image "./dererumdivinaru00haymgoog_0014.png"; bbox 0 0 2978 4869; ppageno 0'>
   <div class='ocr_carea' id='block_1_1' title="bbox 1088 140 1587 213">
    <p class='ocr_par' dir='ltr' id='par_1_1' title="bbox 1088 140 1587 213">
     <span class='ocr_line' id='line_1_1' title="bbox 1088 140 1587 213; baseline -0.002 -26"><span class='ocrx_word' id='word_1_1' title='bbox 1088 140 1587 213; x_wconf 74' lang='grc'>...6-</span> 
     </span>
    </p>
   </div>
   <div class='ocr_carea' id='block_1_2' title="bbox 193 309 2569 1364">
    <p class='ocr_par' dir='ltr' id='par_1_2' title="bbox 193 309 2569 1364">
     <span class='ocr_line' id='line_1_2' title="bbox 373 309 2557 397; baseline 0.003 -24"><span class='ocrx_word' id='word_1_2' title='bbox 373 309 607 379; x_wconf 84' lang='lat' dir='ltr'><strong>Verum</strong></span> <span class='ocrx_word' id='word_1_3' title='bbox 671 311 839 396; x_wconf 89' lang='lat' dir='ltr'><strong>quod</strong></span> <span class='ocrx_word' id='word_1_4' title='bbox 900 331 1097 379; x_wconf 76' lang='lat' dir='ltr'><strong>novae</strong></span> <span class='ocrx_word' id='word_1_5' title='bbox 1150 326 1400 397; x_wconf 84' lang='lat' dir='ltr'><strong>semper</strong></span> <span class='ocrx_word' id='word_1_6' title='bbox 1460 309 1591 396; x_wconf 79' lang='lat' dir='ltr'><strong>legi·</strong></span> <span class='ocrx_word' id='word_1_7' title='bbox 1646 331 1841 397; x_wconf 83' lang='lat' dir='ltr'><strong>quum</strong></span> <span class='ocrx_word' id='word_1_8' title='bbox 1903 310 2170 397; x_wconf 88' lang='lat' dir='ltr'><strong>primum</strong></span> <span class='ocrx_word' id='word_1_9' title='bbox 2223 311 2557 395; x_wconf 69' lang='lat' dir='ltr'><strong>profertur,</strong></span> 
     </span>
     <span class='ocr_line' id='line_1_3' title="bbox 193 401 2558 494; baseline 0.003 -25"><span class='ocrx_word' id='word_1_10' title='bbox 193 401 374 471; x_wconf 71' lang='lat' dir='ltr'><strong>idem</strong></span> <span class='ocrx_word' id='word_1_11' title='bbox 415 407 771 492; x_wconf 80' lang='lat' dir='ltr'><strong>tragoediae</strong></span> <span class='ocrx_word' id='word_1_12' title='bbox 824 407 1010 475; x_wconf 83' lang='lat' dir='ltr'><strong>etiam</strong></span> <span class='ocrx_word' id='word_1_13' title='bbox 1060 428 1263 494; x_wconf 88' lang='lat' dir='ltr'><strong>nuper</strong></span> <span class='ocrx_word' id='word_1_14' title='bbox 1313 407 1593 473; x_wconf 86' lang='lat' dir='ltr'><strong>detectae</strong></span> <span class='ocrx_word' id='word_1_15' title='bbox 1645 406 1883 475; x_wconf 86' lang='lat' dir='ltr'><strong>accidit.</strong></span> <span class='ocrx_word' id='word_1_16' title='bbox 1965 406 2281 475; x_wconf 83' lang='lat' dir='ltr'><strong>Videlicet.</strong></span> <span class='ocrx_word' id='word_1_17' title='bbox 2317 431 2461 477; x_wconf 87' lang='lat' dir='ltr'><strong>cum</strong></span> <span class='ocrx_word' id='word_1_18' title='bbox 2503 411 2558 478; x_wconf 87' lang='lat' dir='ltr'><strong>vi</strong></span> 
     </span>
     <span class='ocr_line' id='line_1_4' title="bbox 211 496 2560 591; baseline 0.003 -24"><span class='ocrx_word' id='word_1_19' title='bbox 211 496 480 585; x_wconf 83' lang='lat' dir='ltr'><strong>quadam</strong></span> <span class='ocrx_word' id='word_1_20' title='bbox 534 525 691 569; x_wconf 82' lang='lat' dir='ltr'><strong>nova</strong></span> <span class='ocrx_word' id='word_1_21' title='bbox 733 525 1023 591; x_wconf 87' lang='lat' dir='ltr'><strong>quaeque</strong></span> <span class='ocrx_word' id='word_1_22' title='bbox 1074 504 1173 569; x_wconf 85' lang='lat' dir='ltr'><strong>lex</strong></span> <span class='ocrx_word' id='word_1_23' title='bbox 1223 502 1439 571; x_wconf 90' lang='lat' dir='ltr'><strong>mundi</strong></span> <span class='ocrx_word' id='word_1_24' title='bbox 1478 503 1725 571; x_wconf 79' lang='lat' dir='ltr'><strong>exsistit</strong></span> <span class='ocrx_word' id='word_1_25' title='bbox 1764 503 2154 575; x_wconf 73' lang='lat' dir='ltr'><strong>dominatrix.</strong></span> <span class='ocrx_word' id='word_1_26' title='bbox 2237 503 2385 585; x_wconf 88' lang='lat' dir='ltr'><strong>Quo</strong></span> <span class='ocrx_word' id='word_1_27' title='bbox 2433 506 2560 573; x_wconf 88' lang='lat' dir='ltr'><strong>mi-</strong></span> 
     </span>
     <span class='ocr_line' id='line_1_5' title="bbox 210 598 2559 687; baseline 0.005 -26"><span class='ocrx_word' id='word_1_28' title='bbox 210 612 331 672; x_wconf 78' lang='lat' dir='ltr'><strong>nus</strong></span> <span class='ocrx_word' id='word_1_29' title='bbox 370 598 550 664; x_wconf 83' lang='lat' dir='ltr'><strong>initio</strong></span> <span class='ocrx_word' id='word_1_30' title='bbox 599 620 717 681; x_wconf 89' lang='lat' dir='ltr'><strong>per</strong></span> <span class='ocrx_word' id='word_1_31' title='bbox 766 621 833 667; x_wconf 92' lang='lat' dir='ltr'><strong>se</strong></span> <span class='ocrx_word' id='word_1_32' title='bbox 885 609 982 665; x_wconf 89' lang='lat' dir='ltr'><strong>est</strong></span> <span class='ocrx_word' id='word_1_33' title='bbox 1031 604 1333 687; x_wconf 84' lang='lat' dir='ltr'><strong>perfecta,</strong></span> <span class='ocrx_word' id='word_1_34' title='bbox 1384 621 1462 666; x_wconf 90' lang='lat' dir='ltr'><strong>eo</strong></span> <span class='ocrx_word' id='word_1_35' title='bbox 1518 600 1702 665; x_wconf 81' lang='lat' dir='ltr'><strong>latius</strong></span> <span class='ocrx_word' id='word_1_36' title='bbox 1741 600 1980 687; x_wconf 77' lang='lat' dir='ltr'><strong>ubique</strong></span> <span class='ocrx_word' id='word_1_37' title='bbox 2024 608 2302 686; x_wconf 85' lang='lat' dir='ltr'><strong>vagatur,</strong></span> <span class='ocrx_word' id='word_1_38' title='bbox 2351 610 2451 680; x_wconf 89' lang='lat' dir='ltr'><strong>ut,</strong></span> <span class='ocrx_word' id='word_1_39' title='bbox 2504 603 2559 673; x_wconf 81' lang='lat' dir='ltr'><strong>si</strong></span> 
     </span>
     <span class='ocr_line' id='line_1_6' title="bbox 212 693 2561 783; baseline 0.003 -26"><span class='ocrx_word' id='word_1_40' title='bbox 212 693 408 777; x_wconf 77' lang='lat' dir='ltr'><strong>gradu</strong></span> <span class='ocrx_word' id='word_1_41' title='bbox 450 711 579 761; x_wconf 86' lang='lat' dir='ltr'><strong>non</strong></span> <span class='ocrx_word' id='word_1_42' title='bbox 619 696 835 778; x_wconf 86' lang='lat' dir='ltr'><strong>valeat,</strong></span> <span class='ocrx_word' id='word_1_43' title='bbox 878 716 1142 765; x_wconf 91' lang='lat' dir='ltr'><strong>numero</strong></span> <span class='ocrx_word' id='word_1_44' title='bbox 1186 704 1350 763; x_wconf 87' lang='lat' dir='ltr'><strong>certe</strong></span> <span class='ocrx_word' id='word_1_45' title='bbox 1392 696 1593 783; x_wconf 85' lang='lat' dir='ltr'><strong>possit</strong></span> <span class='ocrx_word' id='word_1_46' title='bbox 1634 696 1897 765; x_wconf 87' lang='lat' dir='ltr'><strong>vincere.</strong></span> <span class='ocrx_word' id='word_1_47' title='bbox 1977 699 2184 779; x_wconf 82' lang='lat' dir='ltr'><strong>Quem</strong></span> <span class='ocrx_word' id='word_1_48' title='bbox 2225 698 2415 783; x_wconf 85' lang='lat' dir='ltr'><strong>igitur</strong></span> <span class='ocrx_word' id='word_1_49' title='bbox 2454 721 2561 765; x_wconf 89' lang='lat' dir='ltr'><strong>re-</strong></span> 
     </span>
     <span class='ocr_line' id='line_1_7' title="bbox 212 792 2562 881; baseline 0.004 -28"><span class='ocrx_word' id='word_1_50' title='bbox 212 809 352 865; x_wconf 81' lang='lat' dir='ltr'><strong>rum</strong></span> <span class='ocrx_word' id='word_1_51' title='bbox 395 792 809 878; x_wconf 88' lang='lat' dir='ltr'><strong>gerendarum</strong></span> <span class='ocrx_word' id='word_1_52' title='bbox 862 793 1040 880; x_wconf 83' lang='lat' dir='ltr'><strong>quasi</strong></span> <span class='ocrx_word' id='word_1_53' title='bbox 1084 793 1440 881; x_wconf 81' lang='lat' dir='ltr'><strong>rhythmum</strong></span> <span class='ocrx_word' id='word_1_54' title='bbox 1492 802 1600 859; x_wconf 87' lang='lat' dir='ltr'><strong>aut</strong></span> <span class='ocrx_word' id='word_1_55' title='bbox 1645 815 1977 863; x_wconf 90' lang='lat' dir='ltr'><strong>numerum</strong></span> <span class='ocrx_word' id='word_1_56' title='bbox 2026 795 2344 880; x_wconf 77' lang='lat' dir='ltr'><strong>tragoedia</strong></span> <span class='ocrx_word' id='word_1_57' title='bbox 2386 796 2562 863; x_wconf 86' lang='lat' dir='ltr'><strong>inve-</strong></span> 
     </span>
     <span class='ocr_line' id='line_1_8' title="bbox 212 889 2561 979; baseline 0.003 -28"><span class='ocrx_word' id='word_1_58' title='bbox 212 894 420 966; x_wconf 86' lang='lat' dir='ltr'><strong>nerat,</strong></span> <span class='ocrx_word' id='word_1_59' title='bbox 483 889 619 976; x_wconf 86' lang='lat' dir='ltr'><strong>ejus</strong></span> <span class='ocrx_word' id='word_1_60' title='bbox 669 897 796 955; x_wconf 88' lang='lat' dir='ltr'><strong>tam</strong></span> <span class='ocrx_word' id='word_1_61' title='bbox 841 890 1119 959; x_wconf 89' lang='lat' dir='ltr'><strong>studiose</strong></span> <span class='ocrx_word' id='word_1_62' title='bbox 1180 912 1329 979; x_wconf 89' lang='lat' dir='ltr'><strong>prae</strong></span> <span class='ocrx_word' id='word_1_63' title='bbox 1384 912 1451 957; x_wconf 90' lang='lat' dir='ltr'><strong>se</strong></span> <span class='ocrx_word' id='word_1_64' title='bbox 1495 890 1637 957; x_wconf 84' lang='lat' dir='ltr'><strong>tulit</strong></span> <span class='ocrx_word' id='word_1_65' title='bbox 1676 889 1980 977; x_wconf 88' lang='lat' dir='ltr'><strong>speciem,</strong></span> <span class='ocrx_word' id='word_1_66' title='bbox 2039 899 2114 957; x_wconf 89' lang='lat' dir='ltr'><strong>ut</strong></span> <span class='ocrx_word' id='word_1_67' title='bbox 2175 912 2319 961; x_wconf 87' lang='lat' dir='ltr'><strong>eum</strong></span> <span class='ocrx_word' id='word_1_68' title='bbox 2370 893 2561 961; x_wconf 88' lang='lat' dir='ltr'><strong>semel</strong></span> 
     </span>
     <span class='ocr_line' id='line_1_9' title="bbox 213 984 2564 1068; baseline 0.005 -21"><span class='ocrx_word' id='word_1_69' title='bbox 213 984 565 1053; x_wconf 77' lang='lat' dir='ltr'><strong>ostendisse</strong></span> <span class='ocrx_word' id='word_1_70' title='bbox 629 986 883 1055; x_wconf 87' lang='lat' dir='ltr'><strong>minime</strong></span> <span class='ocrx_word' id='word_1_71' title='bbox 945 995 1236 1055; x_wconf 82' lang='lat' dir='ltr'><strong>contenta</strong></span> <span class='ocrx_word' id='word_1_72' title='bbox 1295 987 1372 1052; x_wconf 87' lang='lat' dir='ltr'><strong>ad</strong></span> <span class='ocrx_word' id='word_1_73' title='bbox 1422 986 1731 1068; x_wconf 81' lang='lat' dir='ltr'><strong>triplicem</strong></span> <span class='ocrx_word' id='word_1_74' title='bbox 1783 987 1981 1053; x_wconf 86' lang='lat' dir='ltr'><strong>abiret</strong></span> <span class='ocrx_word' id='word_1_75' title='bbox 2037 989 2564 1068; x_wconf 78' lang='lat' dir='ltr'><strong>praeclarissimae</strong></span> 
     </span>
     <span class='ocr_line' id='line_1_10' title="bbox 212 1077 2564 1170; baseline 0.006 -27"><span class='ocrx_word' id='word_1_76' title='bbox 212 1077 448 1149; x_wconf 77' lang='lat' dir='ltr'><strong>formae</strong></span> <span class='ocrx_word' id='word_1_77' title='bbox 491 1083 946 1170; x_wconf 78' lang='lat' dir='ltr'><strong>repetitionem.</strong></span> <span class='ocrx_word' id='word_1_78' title='bbox 1029 1083 1409 1170; x_wconf 76' lang='lat' dir='ltr'><strong>Tragoedias</strong></span> <span class='ocrx_word' id='word_1_79' title='bbox 1456 1082 1601 1149; x_wconf 89' lang='lat' dir='ltr'><strong>inde</strong></span> <span class='ocrx_word' id='word_1_80' title='bbox 1653 1083 1846 1150; x_wconf 84' lang='lat' dir='ltr'><strong>habes</strong></span> <span class='ocrx_word' id='word_1_81' title='bbox 1886 1090 2044 1162; x_wconf 78' lang='lat' dir='ltr'><strong>treS,</strong></span> <span class='ocrx_word' id='word_1_82' title='bbox 2094 1084 2349 1151; x_wconf 86' lang='lat' dir='ltr'><strong>alteram</strong></span> <span class='ocrx_word' id='word_1_83' title='bbox 2391 1085 2564 1157; x_wconf 81' lang='lat' dir='ltr'><strong>exci-.</strong></span> 
     </span>
     <span class='ocr_line' id='line_1_11' title="bbox 210 1175 2566 1271; baseline 0.002 -28"><span class='ocrx_word' id='word_1_84' title='bbox 210 1175 491 1257; x_wconf 83' lang='lat' dir='ltr'><strong>pientem</strong></span> <span class='ocrx_word' id='word_1_85' title='bbox 535 1179 818 1260; x_wconf 89' lang='lat' dir='ltr'><strong>alteram,</strong></span> <span class='ocrx_word' id='word_1_86' title='bbox 868 1202 1376 1271; x_wconf 80' lang='lat' dir='ltr'><strong>unamquamque</strong></span> <span class='ocrx_word' id='word_1_87' title='bbox 1419 1202 1699 1246; x_wconf 89' lang='lat' dir='ltr'><strong>summae</strong></span> <span class='ocrx_word' id='word_1_88' title='bbox 1751 1180 1836 1245; x_wconf 93' lang='lat' dir='ltr'><strong>illi</strong></span> <span class='ocrx_word' id='word_1_89' title='bbox 1879 1179 2235 1264; x_wconf 82' lang='lat' dir='ltr'><strong>tragoediae</strong></span> <span class='ocrx_word' id='word_1_90' title='bbox 2285 1180 2406 1266; x_wconf 90' lang='lat' dir='ltr'><strong>legi</strong></span> <span class='ocrx_word' id='word_1_91' title='bbox 2459 1203 2566 1248; x_wconf 88' lang='lat' dir='ltr'><strong>re-</strong></span> 
     </span>
     <span class='ocr_line' id='line_1_12' title="bbox 214 1275 2569 1364; baseline 0.003 -27"><span class='ocrx_word' id='word_1_92' title='bbox 214 1275 661 1354; x_wconf 88' lang='lat' dir='ltr'><strong>spondentem,</strong></span> <span class='ocrx_word' id='word_1_93' title='bbox 704 1277 1241 1364; x_wconf 83' lang='lat' dir='ltr'><strong>compositamque</strong></span> <span class='ocrx_word' id='word_1_94' title='bbox 1291 1298 1369 1342; x_wconf 85' lang='lat' dir='ltr'><strong>ex</strong></span> <span class='ocrx_word' id='word_1_95' title='bbox 1409 1277 1611 1345; x_wconf 89' lang='lat' dir='ltr'><strong>tribus</strong></span> <span class='ocrx_word' id='word_1_96' title='bbox 1652 1278 1789 1345; x_wconf 88' lang='lat' dir='ltr'><strong>istis</strong></span> <span class='ocrx_word' id='word_1_97' title='bbox 1830 1277 2111 1360; x_wconf 90' lang='lat' dir='ltr'><strong>partibus</strong></span> <span class='ocrx_word' id='word_1_98' title='bbox 2152 1277 2459 1363; x_wconf 86' lang='lat' dir='ltr'><strong>trilogiam</strong></span> <span class='ocrx_word' id='word_1_99' title='bbox 2504 1287 2569 1347; x_wconf 80' lang='lat' dir='ltr'><strong>et</strong></span> 
     </span>
    </p>
   </div>
   <div class='ocr_carea' id='block_1_3' title="bbox 213 1368 2565 1534">
    <p class='ocr_par' dir='ltr' id='par_1_3' title="bbox 213 1368 2565 1534">
     <span class='ocr_line' id='line_1_13' title="bbox 213 1368 2565 1461; baseline 0.004 -28"><span class='ocrx_word' id='word_1_100' title='bbox 213 1368 414 1450; x_wconf 83' lang='lat' dir='ltr'><strong>ipsam</strong></span> <span class='ocrx_word' id='word_1_101' title='bbox 479 1371 833 1459; x_wconf 75' lang='lat' dir='ltr'><strong>rhythmum</strong></span> <span class='ocrx_word' id='word_1_102' title='bbox 894 1374 1071 1440; x_wconf 89' lang='lat' dir='ltr'><strong>illum</strong></span> <span class='ocrx_word' id='word_1_103' title='bbox 1130 1373 1225 1441; x_wconf 87' lang='lat' dir='ltr'><strong>vel</strong></span> <span class='ocrx_word' id='word_1_104' title='bbox 1288 1374 1554 1443; x_wconf 85' lang='lat' dir='ltr'><strong>maxime</strong></span> <span class='ocrx_word' id='word_1_105' title='bbox 1616 1375 2014 1440; x_wconf 82' lang='lat' dir='ltr'><strong>confitentem</strong></span> <span class='ocrx_word' id='word_1_106' title='bbox 2077 1381 2267 1461; x_wconf 87' lang='lat' dir='ltr'><strong>atque</strong></span> <span class='ocrx_word' id='word_1_107' title='bbox 2332 1376 2565 1443; x_wconf 86' lang='lat' dir='ltr'><strong>confir-</strong></span> 
     </span>
     <span class='ocr_line' id='line_1_14' title="bbox 213 1475 511 1534; baseline 0.013 -4"><span class='ocrx_word' id='word_1_108' title='bbox 213 1475 511 1534; x_wconf 84' lang='lat' dir='ltr'><strong>mantem.</strong></span> 
     </span>
    </p>
   </div>
   <div class='ocr_carea' id='block_1_4' title="bbox 214 1564 2670 2424">
    <p class='ocr_par' dir='ltr' id='par_1_4' title="bbox 214 1564 2670 2424">
     <span class='ocr_line' id='line_1_15' title="bbox 374 1564 2571 1652; baseline 0.001 -21"><span class='ocrx_word' id='word_1_109' title='bbox 374 1564 631 1631; x_wconf 82' lang='lat' dir='ltr'><strong>Maximi</strong></span> <span class='ocrx_word' id='word_1_110' title='bbox 675 1566 736 1633; x_wconf 90' lang='lat' dir='ltr'><strong>id</strong></span> <span class='ocrx_word' id='word_1_111' title='bbox 779 1589 918 1633; x_wconf 88' lang='lat' dir='ltr'><strong>esse</strong></span> <span class='ocrx_word' id='word_1_112' title='bbox 960 1567 1289 1643; x_wconf 79' lang='lat' dir='ltr'><strong>momenti,</strong></span> <span class='ocrx_word' id='word_1_113' title='bbox 1342 1585 1778 1652; x_wconf 89' lang='lat' dir='ltr'><strong>summamque</strong></span> <span class='ocrx_word' id='word_1_114' title='bbox 1830 1565 1894 1631; x_wconf 89' lang='lat' dir='ltr'><strong>in</strong></span> <span class='ocrx_word' id='word_1_115' title='bbox 1943 1586 2023 1630; x_wconf 94' lang='lat' dir='ltr'><strong>eo</strong></span> <span class='ocrx_word' id='word_1_116' title='bbox 2075 1566 2244 1631; x_wconf 90' lang='lat' dir='ltr'><strong>cerni</strong></span> <span class='ocrx_word' id='word_1_117' title='bbox 2288 1588 2571 1634; x_wconf 88' lang='lat' dir='ltr'><strong>summae</strong></span> 
     </span>
     <span class='ocr_line' id='line_1_16' title="bbox 217 1658 2569 1747; baseline 0.003 -25"><span class='ocrx_word' id='word_1_118' title='bbox 217 1658 368 1743; x_wconf 88' lang='lat' dir='ltr'><strong>legis</strong></span> <span class='ocrx_word' id='word_1_119' title='bbox 410 1662 531 1728; x_wconf 87' lang='lat' dir='ltr'><strong>vim</strong></span> <span class='ocrx_word' id='word_1_120' title='bbox 574 1661 740 1725; x_wconf 90' lang='lat' dir='ltr'><strong>haud</strong></span> <span class='ocrx_word' id='word_1_121' title='bbox 781 1661 956 1726; x_wconf 85' lang='lat' dir='ltr'><strong>facile</strong></span> <span class='ocrx_word' id='word_1_122' title='bbox 999 1660 1344 1747; x_wconf 81' lang='lat' dir='ltr'><strong>negaveriS,</strong></span> <span class='ocrx_word' id='word_1_123' title='bbox 1399 1682 1703 1726; x_wconf 90' lang='lat' dir='ltr'><strong>summam</strong></span> <span class='ocrx_word' id='word_1_124' title='bbox 1758 1682 1832 1726; x_wconf 91' lang='lat' dir='ltr'><strong>ea</strong></span> <span class='ocrx_word' id='word_1_125' title='bbox 1875 1661 2111 1726; x_wconf 90' lang='lat' dir='ltr'><strong>ratione</strong></span> <span class='ocrx_word' id='word_1_126' title='bbox 2152 1661 2569 1744; x_wconf 85' lang='lat' dir='ltr'><strong>pulchritudi-</strong></span> 
     </span>
     <span class='ocr_line' id='line_1_17' title="bbox 216 1756 2569 1838; baseline 0.002 -17"><span class='ocrx_word' id='word_1_127' title='bbox 216 1777 365 1821; x_wconf 79' lang='lat' dir='ltr'><strong>nem</strong></span> <span class='ocrx_word' id='word_1_128' title='bbox 409 1757 712 1822; x_wconf 86' lang='lat' dir='ltr'><strong>contineri</strong></span> <span class='ocrx_word' id='word_1_129' title='bbox 753 1757 851 1824; x_wconf 84' lang='lat' dir='ltr'><strong>vix</strong></span> <span class='ocrx_word' id='word_1_130' title='bbox 897 1756 1298 1827; x_wconf 85' lang='lat' dir='ltr'><strong>concesseris.</strong></span> <span class='ocrx_word' id='word_1_131' title='bbox 1327 1793 1407 1805; x_wconf 87' lang='lat'><strong>—-</strong></span> <span class='ocrx_word' id='word_1_132' title='bbox 1440 1758 1610 1838; x_wconf 86' lang='lat' dir='ltr'><strong>Quid</strong></span> <span class='ocrx_word' id='word_1_133' title='bbox 1653 1758 1859 1824; x_wconf 78' lang='lat' dir='ltr'><strong>enim?</strong></span> <span class='ocrx_word' id='word_1_134' title='bbox 1899 1778 2126 1836; x_wconf 81' lang='lat' dir='ltr'><strong>annon,</strong></span> <span class='ocrx_word' id='word_1_135' title='bbox 2168 1759 2221 1823; x_wconf 93' lang='lat' dir='ltr'><strong>si</strong></span> <span class='ocrx_word' id='word_1_136' title='bbox 2261 1759 2569 1825; x_wconf 90' lang='lat' dir='ltr'><strong>undarum</strong></span> 
     </span>
     <span class='ocr_line' id='line_1_18' title="bbox 214 1852 2573 1941; baseline 0.003 -24"><span class='ocrx_word' id='word_1_137' title='bbox 214 1852 413 1931; x_wconf 80' lang='lat' dir='ltr'><strong>instar</strong></span> <span class='ocrx_word' id='word_1_138' title='bbox 472 1854 855 1939; x_wconf 87' lang='lat' dir='ltr'><strong>tragoediam</strong></span> <span class='ocrx_word' id='word_1_139' title='bbox 912 1853 1198 1941; x_wconf 88' lang='lat' dir='ltr'><strong>sequitur</strong></span> <span class='ocrx_word' id='word_1_140' title='bbox 1246 1853 1592 1938; x_wconf 85' lang='lat' dir='ltr'><strong>tragoedia,</strong></span> <span class='ocrx_word' id='word_1_141' title='bbox 1654 1853 1787 1940; x_wconf 91' lang='lat' dir='ltr'><strong>ipse</strong></span> <span class='ocrx_word' id='word_1_142' title='bbox 1843 1854 1959 1923; x_wconf 90' lang='lat' dir='ltr'><strong>sibi</strong></span> <span class='ocrx_word' id='word_1_143' title='bbox 2002 1852 2281 1921; x_wconf 86' lang='lat' dir='ltr'><strong>diffidere</strong></span> <span class='ocrx_word' id='word_1_144' title='bbox 2329 1855 2573 1923; x_wconf 85' lang='lat' dir='ltr'><strong>videtur</strong></span> 
     </span>
     <span class='ocr_line' id='line_1_19' title="bbox 215 1949 2576 2038; baseline 0.003 -25"><span class='ocrx_word' id='word_1_145' title='bbox 215 1957 436 2031; x_wconf 65' lang='lat' dir='ltr'><strong>poeta,</strong></span> <span class='ocrx_word' id='word_1_146' title='bbox 491 1950 725 2038; x_wconf 89' lang='lat' dir='ltr'><strong>quippe</strong></span> <span class='ocrx_word' id='word_1_147' title='bbox 768 1950 878 2037; x_wconf 91' lang='lat' dir='ltr'><strong>qui</strong></span> <span class='ocrx_word' id='word_1_148' title='bbox 919 1950 1039 2016; x_wconf 91' lang='lat' dir='ltr'><strong>nisi</strong></span> <span class='ocrx_word' id='word_1_149' title='bbox 1091 1958 1188 2015; x_wconf 88' lang='lat' dir='ltr'><strong>ter</strong></span> <span class='ocrx_word' id='word_1_150' title='bbox 1228 1949 1538 2035; x_wconf 85' lang='lat' dir='ltr'><strong>tripartito</strong></span> <span class='ocrx_word' id='word_1_151' title='bbox 1586 1971 1776 2032; x_wconf 90' lang='lat' dir='ltr'><strong>opere</strong></span> <span class='ocrx_word' id='word_1_152' title='bbox 1820 1951 2078 2019; x_wconf 81' lang='lat' dir='ltr'><strong>formam</strong></span> <span class='ocrx_word' id='word_1_153' title='bbox 2121 1952 2412 2038; x_wconf 88' lang='lat' dir='ltr'><strong>tragicam</strong></span> <span class='ocrx_word' id='word_1_154' title='bbox 2456 1974 2576 2033; x_wconf 49' lang='lat' dir='ltr'><strong>exe</strong></span> 
     </span>
     <span class='ocr_line' id='line_1_20' title="bbox 216 2045 2571 2137; baseline 0.002 -26"><span class='ocrx_word' id='word_1_155' title='bbox 216 2045 495 2115; x_wconf 80' lang='lat' dir='ltr'><strong>hibuerit</strong></span> <span class='ocrx_word' id='word_1_156' title='bbox 537 2047 734 2131; x_wconf 90' lang='lat' dir='ltr'><strong>legem</strong></span> <span class='ocrx_word' id='word_1_157' title='bbox 780 2067 1084 2112; x_wconf 89' lang='lat' dir='ltr'><strong>summam</strong></span> <span class='ocrx_word' id='word_1_158' title='bbox 1127 2066 1257 2110; x_wconf 92' lang='lat' dir='ltr'><strong>non</strong></span> <span class='ocrx_word' id='word_1_159' title='bbox 1297 2045 1445 2111; x_wconf 89' lang='lat' dir='ltr'><strong>satis</strong></span> <span class='ocrx_word' id='word_1_160' title='bbox 1488 2048 1866 2137; x_wconf 78' lang='lat' dir='ltr'><strong>expressisse</strong></span> <span class='ocrx_word' id='word_1_161' title='bbox 1911 2048 2027 2114; x_wconf 87' lang='lat' dir='ltr'><strong>sibi</strong></span> <span class='ocrx_word' id='word_1_162' title='bbox 2068 2048 2385 2116; x_wconf 75' lang='lat' dir='ltr'><strong>videatur?</strong></span> <span class='ocrx_word' id='word_1_163' title='bbox 2433 2056 2571 2115; x_wconf 88' lang='lat' dir='ltr'><strong>An-</strong></span> 
     </span>
     <span class='ocr_line' id='line_1_21' title="bbox 218 2141 2571 2232; baseline 0.001 -24"><span class='ocrx_word' id='word_1_164' title='bbox 218 2165 348 2208; x_wconf 87' lang='lat' dir='ltr'><strong>non</strong></span> <span class='ocrx_word' id='word_1_165' title='bbox 394 2143 667 2229; x_wconf 86' lang='lat' dir='ltr'><strong>suspicio</strong></span> <span class='ocrx_word' id='word_1_166' title='bbox 710 2142 858 2221; x_wconf 90' lang='lat' dir='ltr'><strong>erit,</strong></span> <span class='ocrx_word' id='word_1_167' title='bbox 909 2144 960 2207; x_wconf 91' lang='lat' dir='ltr'><strong>si</strong></span> <span class='ocrx_word' id='word_1_168' title='bbox 1004 2141 1254 2225; x_wconf 83' lang='lat' dir='ltr'><strong>saepius</strong></span> <span class='ocrx_word' id='word_1_169' title='bbox 1295 2165 1434 2208; x_wconf 89' lang='lat' dir='ltr'><strong>eam</strong></span> <span class='ocrx_word' id='word_1_170' title='bbox 1476 2145 1886 2226; x_wconf 84' lang='lat' dir='ltr'><strong>expresserit,</strong></span> <span class='ocrx_word' id='word_1_171' title='bbox 1936 2145 2000 2211; x_wconf 88' lang='lat' dir='ltr'><strong>id</strong></span> <span class='ocrx_word' id='word_1_172' title='bbox 2039 2153 2372 2232; x_wconf 87' lang='lat' dir='ltr'><strong>propterea</strong></span> <span class='ocrx_word' id='word_1_173' title='bbox 2427 2168 2571 2212; x_wconf 88' lang='lat' dir='ltr'><strong>eum</strong></span> 
     </span>
     <span class='ocr_line' id='line_1_22' title="bbox 219 2237 2670 2327; baseline 0.002 -22"><span class='ocrx_word' id='word_1_174' title='bbox 219 2237 442 2305; x_wconf 80' lang='lat' dir='ltr'><strong>fecisse</strong></span> <span class='ocrx_word' id='word_1_175' title='bbox 506 2248 578 2306; x_wconf 92' lang='lat' dir='ltr'><strong>ut</strong></span> <span class='ocrx_word' id='word_1_176' title='bbox 638 2238 856 2320; x_wconf 75' lang='lat' dir='ltr'><strong>yitium</strong></span> <span class='ocrx_word' id='word_1_177' title='bbox 917 2239 983 2305; x_wconf 91' lang='lat' dir='ltr'><strong>in</strong></span> <span class='ocrx_word' id='word_1_178' title='bbox 1034 2238 1292 2324; x_wconf 89' lang='lat' dir='ltr'><strong>singulis</strong></span> <span class='ocrx_word' id='word_1_179' title='bbox 1343 2240 1744 2307; x_wconf 89' lang='lat' dir='ltr'><strong>commissum</strong></span> <span class='ocrx_word' id='word_1_180' title='bbox 1807 2242 2152 2324; x_wconf 88' lang='lat' dir='ltr'><strong>repetendo</strong></span> <span class='ocrx_word' id='word_1_181' title='bbox 2196 2241 2575 2327; x_wconf 67' lang='lat' dir='ltr'><strong>corrigeret?</strong></span> <span class='ocrx_word' id='word_1_182' title='bbox 2665 2320 2670 2325; x_wconf 20' lang='grc' dir='ltr'><strong><em>Ι</em></strong></span> 
     </span>
     <span class='ocr_line' id='line_1_23' title="bbox 221 2335 2574 2424; baseline 0.002 -21"><span class='ocrx_word' id='word_1_183' title='bbox 221 2335 441 2416; x_wconf 88' lang='lat' dir='ltr'><strong>Quare</strong></span> <span class='ocrx_word' id='word_1_184' title='bbox 483 2358 611 2403; x_wconf 89' lang='lat' dir='ltr'><strong>non</strong></span> <span class='ocrx_word' id='word_1_185' title='bbox 650 2358 999 2420; x_wconf 79' lang='lat' dir='ltr'><strong>possumus</strong></span> <span class='ocrx_word' id='word_1_186' title='bbox 1046 2336 1199 2424; x_wconf 86' lang='lat' dir='ltr'><strong>quin</strong></span> <span class='ocrx_word' id='word_1_187' title='bbox 1238 2337 1542 2424; x_wconf 88' lang='lat' dir='ltr'><strong>majorem</strong></span> <span class='ocrx_word' id='word_1_188' title='bbox 1585 2338 1881 2422; x_wconf 86' lang='lat' dir='ltr'><strong>Sophocli</strong></span> <span class='ocrx_word' id='word_1_189' title='bbox 1934 2339 2178 2405; x_wconf 85' lang='lat' dir='ltr'><strong>laudem</strong></span> <span class='ocrx_word' id='word_1_190' title='bbox 2227 2339 2574 2407; x_wconf 86' lang='lat' dir='ltr'><strong>tribuamus</strong></span> 
     </span>
    </p>
   </div>
   <div class='ocr_carea' id='block_1_5' title="bbox 2973 0 2978 902">
    <p class='ocr_par' dir='ltr' id='par_1_5' title="bbox 2973 0 2978 902">
     <span class='ocr_line' id='line_1_24' title="bbox 2973 0 2978 902; baseline 0 0"><span class='ocrx_word' id='word_1_191' title='bbox 2973 0 2978 902; x_wconf 95' lang='lat' dir='ltr'><strong> </strong></span> 
     </span>
    </p>
   </div>
   <div class='ocr_carea' id='block_1_6' title="bbox 218 2427 2674 2523">
    <p class='ocr_par' dir='ltr' id='par_1_6' title="bbox 218 2427 2674 2523">
     <span class='ocr_line' id='line_1_25' title="bbox 218 2427 2674 2523; baseline 0 -21"><span class='ocrx_word' id='word_1_192' title='bbox 218 2436 329 2520; x_wconf 88' lang='lat' dir='ltr'><strong>qui</strong></span> <span class='ocrx_word' id='word_1_193' title='bbox 370 2457 498 2502; x_wconf 88' lang='lat' dir='ltr'><strong>una</strong></span> <span class='ocrx_word' id='word_1_194' title='bbox 540 2457 739 2523; x_wconf 86' lang='lat' dir='ltr'><strong>eaque</strong></span> <span class='ocrx_word' id='word_1_195' title='bbox 783 2434 1061 2522; x_wconf 88' lang='lat' dir='ltr'><strong>pleniore</strong></span> <span class='ocrx_word' id='word_1_196' title='bbox 1100 2436 1420 2521; x_wconf 87' lang='lat' dir='ltr'><strong>tragoedia</strong></span> <span class='ocrx_word' id='word_1_197' title='bbox 1461 2437 1627 2502; x_wconf 91' lang='lat' dir='ltr'><strong>idem</strong></span> <span class='ocrx_word' id='word_1_198' title='bbox 1671 2436 2107 2520; x_wconf 52' lang='lat' dir='ltr'><strong>effeciuquod</strong></span> <span class='ocrx_word' id='word_1_199' title='bbox 2149 2427 2350 2501; x_wconf 84' lang='lat' dir='ltr'><strong>trihus</strong></span> <span class='ocrx_word' id='word_1_200' title='bbox 2389 2444 2574 2510; x_wconf 76' lang='lat' dir='ltr'><strong>antea</strong></span> <span class='ocrx_word' id='word_1_201' title='bbox 2661 2505 2674 2512; x_wconf 58' lang='grc'>,</span> 
     </span>
    </p>
   </div>
   <div class='ocr_carea' id='block_1_7' title="bbox 173 2531 2645 3969">
    <p class='ocr_par' dir='ltr' id='par_1_7' title="bbox 218 2531 2645 2617">
     <span class='ocr_line' id='line_1_26' title="bbox 218 2531 2645 2617; baseline 0 -21"><span class='ocrx_word' id='word_1_202' title='bbox 218 2531 566 2617; x_wconf 76' lang='lat' dir='ltr'><strong>Aeschylus</strong></span> <span class='ocrx_word' id='word_1_203' title='bbox 588 2533 649 2617; x_wconf 82' lang='lat'><strong>&#39;‘).</strong></span> <span class='ocrx_word' id='word_1_204' title='bbox 2609 2589 2614 2596; x_wconf 93' lang='lat'><strong>.</strong></span> <span class='ocrx_word' id='word_1_205' title='bbox 2637 2595 2645 2605; x_wconf 80' lang='grc'><strong>,</strong></span> 
     </span>
    </p>

    <p class='ocr_par' dir='ltr' id='par_1_8' title="bbox 204 2626 2575 3099">
     <span class='ocr_line' id='line_1_27' title="bbox 380 2626 2573 2713; baseline 0.001 -20"><span class='ocrx_word' id='word_1_206' title='bbox 380 2628 504 2702; x_wconf 85' lang='lat' dir='ltr'><strong>Sed</strong></span> <span class='ocrx_word' id='word_1_207' title='bbox 546 2649 707 2713; x_wconf 88' lang='lat' dir='ltr'><strong>quae</strong></span> <span class='ocrx_word' id='word_1_208' title='bbox 747 2628 888 2696; x_wconf 83' lang='lat' dir='ltr'><strong>vitia</strong></span> <span class='ocrx_word' id='word_1_209' title='bbox 931 2629 1057 2693; x_wconf 89' lang='lat' dir='ltr'><strong>sint</strong></span> <span class='ocrx_word' id='word_1_210' title='bbox 1075 2626 1451 2713; x_wconf 77' lang='lat' dir='ltr'><strong>Aeschyleae</strong></span> <span class='ocrx_word' id='word_1_211' title='bbox 1482 2626 1784 2713; x_wconf 88' lang='lat' dir='ltr'><strong>trilogiae,</strong></span> <span class='ocrx_word' id='word_1_212' title='bbox 1827 2648 1989 2713; x_wconf 88' lang='lat' dir='ltr'><strong>quae</strong></span> <span class='ocrx_word' id='word_1_213' title='bbox 2021 2628 2394 2713; x_wconf 83' lang='lat' dir='ltr'><strong>tragoediae,</strong></span> <span class='ocrx_word' id='word_1_214' title='bbox 2439 2637 2573 2698; x_wconf 84' lang='lat' dir='ltr'><strong>tum</strong></span> 
     </span>
     <span class='ocr_line' id='line_1_28' title="bbox 220 2723 2575 2812; baseline 0.002 -22"><span class='ocrx_word' id='word_1_215' title='bbox 220 2724 473 2792; x_wconf 81' lang='lat' dir='ltr'><strong>demum</strong></span> <span class='ocrx_word' id='word_1_216' title='bbox 526 2724 770 2788; x_wconf 90' lang='lat' dir='ltr'><strong>dicetur</strong></span> <span class='ocrx_word' id='word_1_217' title='bbox 830 2746 866 2790; x_wconf 90' lang='lat' dir='ltr'><strong>a</strong></span> <span class='ocrx_word' id='word_1_218' title='bbox 918 2723 1098 2790; x_wconf 89' lang='lat' dir='ltr'><strong>nobis</strong></span> <span class='ocrx_word' id='word_1_219' title='bbox 1162 2746 1357 2811; x_wconf 93' lang='lat' dir='ltr'><strong>quum</strong></span> <span class='ocrx_word' id='word_1_220' title='bbox 1408 2731 1686 2792; x_wconf 87' lang='lat' dir='ltr'><strong>nostram</strong></span> <span class='ocrx_word' id='word_1_221' title='bbox 1736 2724 2098 2806; x_wconf 82' lang='lat' dir='ltr'><strong>opinionem</strong></span> <span class='ocrx_word' id='word_1_222' title='bbox 2161 2725 2238 2794; x_wconf 88' lang='lat' dir='ltr'><strong>de</strong></span> <span class='ocrx_word' id='word_1_223' title='bbox 2293 2726 2575 2812; x_wconf 84' lang='lat' dir='ltr'><strong>trilogiae</strong></span> 
     </span>
     <span class='ocr_line' id='line_1_29' title="bbox 204 2820 2575 2908; baseline 0.002 -23"><span class='ocrx_word' id='word_1_224' title='bbox 204 2820 447 2898; x_wconf 53' lang='lat' dir='ltr'><strong>‘natura</strong></span> <span class='ocrx_word' id='word_1_225' title='bbox 490 2821 676 2887; x_wconf 91' lang='lat' dir='ltr'><strong>modo</strong></span> <span class='ocrx_word' id='word_1_226' title='bbox 719 2822 1023 2908; x_wconf 89' lang='lat' dir='ltr'><strong>prolatam</strong></span> <span class='ocrx_word' id='word_1_227' title='bbox 1067 2830 1131 2887; x_wconf 92' lang='lat' dir='ltr'><strong>et</strong></span> <span class='ocrx_word' id='word_1_228' title='bbox 1170 2829 1383 2888; x_wconf 90' lang='lat' dir='ltr'><strong>contra</strong></span> <span class='ocrx_word' id='word_1_229' title='bbox 1425 2820 1577 2886; x_wconf 89' lang='lat' dir='ltr'><strong>alias</strong></span> <span class='ocrx_word' id='word_1_230' title='bbox 1625 2822 1954 2900; x_wconf 81' lang='lat' dir='ltr'><strong>doctorum</strong></span> <span class='ocrx_word' id='word_1_231' title='bbox 2001 2821 2272 2890; x_wconf 85' lang='lat' dir='ltr'><strong>virorum</strong></span> <span class='ocrx_word' id='word_1_232' title='bbox 2316 2830 2575 2890; x_wconf 83' lang='lat' dir='ltr'><strong>senten-</strong></span> 
     </span>
     <span class='ocr_line' id='line_1_30' title="bbox 224 2914 2575 3003; baseline 0.001 -21"><span class='ocrx_word' id='word_1_233' title='bbox 224 2917 341 2982; x_wconf 75' lang='lat' dir='ltr'><strong>tias</strong></span> <span class='ocrx_word' id='word_1_234' title='bbox 404 2916 868 2982; x_wconf 86' lang='lat' dir='ltr'><strong>defenderimus</strong></span> <span class='ocrx_word' id='word_1_235' title='bbox 930 2926 994 2982; x_wconf 90' lang='lat' dir='ltr'><strong>et</strong></span> <span class='ocrx_word' id='word_1_236' title='bbox 1054 2918 1204 3003; x_wconf 90' lang='lat' dir='ltr'><strong>ipsis</strong></span> <span class='ocrx_word' id='word_1_237' title='bbox 1266 2914 1551 3001; x_wconf 79' lang='lat' dir='ltr'><strong>Aeschyli</strong></span> <span class='ocrx_word' id='word_1_238' title='bbox 1614 2914 1837 2980; x_wconf 85' lang='lat' dir='ltr'><strong>fabulis</strong></span> <span class='ocrx_word' id='word_1_239' title='bbox 1899 2916 2171 2983; x_wconf 86' lang='lat' dir='ltr'><strong>breviter</strong></span> <span class='ocrx_word' id='word_1_240' title='bbox 2231 2919 2575 2998; x_wconf 87' lang='lat' dir='ltr'><strong>recensitis,</strong></span> 
     </span>
     <span class='ocr_line' id='line_1_31' title="bbox 222 3011 1910 3099; baseline 0.001 -22"><span class='ocrx_word' id='word_1_241' title='bbox 222 3034 416 3099; x_wconf 84' lang='lat' dir='ltr'><strong>quam</strong></span> <span class='ocrx_word' id='word_1_242' title='bbox 459 3011 661 3077; x_wconf 90' lang='lat' dir='ltr'><strong>adhuc</strong></span> <span class='ocrx_word' id='word_1_243' title='bbox 706 3012 839 3077; x_wconf 89' lang='lat' dir='ltr'><strong>fieri</strong></span> <span class='ocrx_word' id='word_1_244' title='bbox 880 3013 1102 3097; x_wconf 91' lang='lat' dir='ltr'><strong>potuit,</strong></span> <span class='ocrx_word' id='word_1_245' title='bbox 1145 3013 1370 3078; x_wconf 89' lang='lat' dir='ltr'><strong>clarius</strong></span> <span class='ocrx_word' id='word_1_246' title='bbox 1412 3012 1910 3092; x_wconf 74' lang='lat' dir='ltr'><strong>exposuerimus·</strong></span> 
     </span>
    </p>

    <p class='ocr_par' dir='ltr' id='par_1_9' title="bbox 300 3108 2576 3198">
     <span class='ocr_line' id='line_1_32' title="bbox 300 3108 2576 3198; baseline 0.002 -23"><span class='ocrx_word' id='word_1_247' title='bbox 300 3183 307 3188; x_wconf 14' lang='grc' dir='ltr'>ἡ</span> <span class='ocrx_word' id='word_1_248' title='bbox 386 3110 485 3175; x_wconf 77' lang='lat' dir='ltr'><strong>Ab</strong></span> <span class='ocrx_word' id='word_1_249' title='bbox 527 3131 604 3175; x_wconf 89' lang='lat' dir='ltr'><strong>eo</strong></span> <span class='ocrx_word' id='word_1_250' title='bbox 649 3109 855 3176; x_wconf 88' lang='lat' dir='ltr'><strong>solent</strong></span> <span class='ocrx_word' id='word_1_251' title='bbox 895 3109 1140 3175; x_wconf 88' lang='lat' dir='ltr'><strong>initium</strong></span> <span class='ocrx_word' id='word_1_252' title='bbox 1180 3109 1385 3175; x_wconf 80' lang='lat' dir='ltr'><strong>facere</strong></span> <span class='ocrx_word' id='word_1_253' title='bbox 1427 3108 1712 3173; x_wconf 87' lang='lat' dir='ltr'><strong>homines</strong></span> <span class='ocrx_word' id='word_1_254' title='bbox 1765 3129 1959 3195; x_wconf 91' lang='lat' dir='ltr'><strong>quum</strong></span> <span class='ocrx_word' id='word_1_255' title='bbox 2014 3110 2091 3175; x_wconf 90' lang='lat' dir='ltr'><strong>ad</strong></span> <span class='ocrx_word' id='word_1_256' title='bbox 2132 3131 2265 3178; x_wconf 87' lang='lat' dir='ltr'><strong>rem</strong></span> <span class='ocrx_word' id='word_1_257' title='bbox 2307 3110 2576 3198; x_wconf 83' lang='lat' dir='ltr'><strong>aliquam</strong></span> 
     </span>
    </p>

    <p class='ocr_par' dir='ltr' id='par_1_10' title="bbox 173 3205 2579 3769">
     <span class='ocr_line' id='line_1_33' title="bbox 223 3205 2577 3293; baseline 0.002 -19"><span class='ocrx_word' id='word_1_258' title='bbox 223 3206 570 3274; x_wconf 79' lang='lat' dir='ltr'><strong>mirabilem</strong></span> <span class='ocrx_word' id='word_1_259' title='bbox 615 3206 816 3287; x_wconf 89' lang='lat' dir='ltr'><strong>primo</strong></span> <span class='ocrx_word' id='word_1_260' title='bbox 848 3215 1262 3286; x_wconf 87' lang='lat' dir='ltr'><strong>accesserunt,</strong></span> <span class='ocrx_word' id='word_1_261' title='bbox 1305 3214 1393 3286; x_wconf 86' lang='lat' dir='ltr'><strong>ut,</strong></span> <span class='ocrx_word' id='word_1_262' title='bbox 1436 3206 1606 3292; x_wconf 83' lang='lat' dir='ltr'><strong>quod</strong></span> <span class='ocrx_word' id='word_1_263' title='bbox 1649 3205 1992 3290; x_wconf 84' lang='lat' dir='ltr'><strong>intelligere</strong></span> <span class='ocrx_word' id='word_1_264' title='bbox 2032 3214 2375 3293; x_wconf 86' lang='lat' dir='ltr'><strong>nequeunt,</strong></span> <span class='ocrx_word' id='word_1_265' title='bbox 2417 3206 2577 3278; x_wconf 77' lang='lat' dir='ltr'><strong>forte</strong></span> 
     </span>
     <span class='ocr_line' id='line_1_34' title="bbox 224 3301 2576 3380; baseline 0.001 -13"><span class='ocrx_word' id='word_1_266' title='bbox 224 3303 288 3368; x_wconf 86' lang='lat' dir='ltr'><strong>id</strong></span> <span class='ocrx_word' id='word_1_267' title='bbox 331 3303 564 3370; x_wconf 82' lang='lat' dir='ltr'><strong>factum</strong></span> <span class='ocrx_word' id='word_1_268' title='bbox 608 3323 746 3367; x_wconf 90' lang='lat' dir='ltr'><strong>esse</strong></span> <span class='ocrx_word' id='word_1_269' title='bbox 790 3301 1118 3368; x_wconf 82' lang='lat' dir='ltr'><strong>affirment.</strong></span> <span class='ocrx_word' id='word_1_270' title='bbox 1201 3303 1450 3370; x_wconf 89' lang='lat' dir='ltr'><strong>Scilicet</strong></span> <span class='ocrx_word' id='word_1_271' title='bbox 1499 3325 1626 3368; x_wconf 90' lang='lat' dir='ltr'><strong>non</strong></span> <span class='ocrx_word' id='word_1_272' title='bbox 1667 3301 1910 3380; x_wconf 89' lang='lat' dir='ltr'><strong>vident,</strong></span> <span class='ocrx_word' id='word_1_273' title='bbox 1959 3301 2081 3369; x_wconf 91' lang='lat' dir='ltr'><strong>vim</strong></span> <span class='ocrx_word' id='word_1_274' title='bbox 2123 3322 2304 3368; x_wconf 87' lang='lat' dir='ltr'><strong>casus</strong></span> <span class='ocrx_word' id='word_1_275' title='bbox 2334 3303 2576 3370; x_wconf 73' lang='lat' dir='ltr'><strong>nullam</strong></span> 
     </span>
     <span class='ocr_line' id='line_1_35' title="bbox 226 3398 2578 3488; baseline 0.002 -24"><span class='ocrx_word' id='word_1_276' title='bbox 226 3421 388 3476; x_wconf 85' lang='lat' dir='ltr'><strong>esse,</strong></span> <span class='ocrx_word' id='word_1_277' title='bbox 428 3400 551 3464; x_wconf 86' lang='lat' dir='ltr'><strong>nisi</strong></span> <span class='ocrx_word' id='word_1_278' title='bbox 595 3420 755 3486; x_wconf 87' lang='lat' dir='ltr'><strong>quae</strong></span> <span class='ocrx_word' id='word_1_279' title='bbox 798 3406 862 3463; x_wconf 94' lang='lat' dir='ltr'><strong>et</strong></span> <span class='ocrx_word' id='word_1_280' title='bbox 901 3398 1038 3481; x_wconf 87' lang='lat' dir='ltr'><strong>ipsa</strong></span> <span class='ocrx_word' id='word_1_281' title='bbox 1079 3399 1158 3464; x_wconf 87' lang='lat' dir='ltr'><strong>ad</strong></span> <span class='ocrx_word' id='word_1_282' title='bbox 1199 3401 1635 3488; x_wconf 82' lang='lat' dir='ltr'><strong>necessitatem</strong></span> <span class='ocrx_word' id='word_1_283' title='bbox 1664 3399 1896 3488; x_wconf 87' lang='lat' dir='ltr'><strong>redeat.</strong></span> <span class='ocrx_word' id='word_1_284' title='bbox 1959 3399 2122 3465; x_wconf 91' lang='lat' dir='ltr'><strong>Huic</strong></span> <span class='ocrx_word' id='word_1_285' title='bbox 2151 3398 2341 3484; x_wconf 88' lang='lat' dir='ltr'><strong>igitur</strong></span> <span class='ocrx_word' id='word_1_286' title='bbox 2382 3421 2578 3486; x_wconf 83' lang='lat' dir='ltr'><strong>quum</strong></span> 
     </span>
     <span class='ocr_line' id='line_1_36' title="bbox 226 3495 2579 3581; baseline 0.001 -20"><span class='ocrx_word' id='word_1_287' title='bbox 226 3498 435 3574; x_wconf 80' lang='lat' dir='ltr'><strong>locum</strong></span> <span class='ocrx_word' id='word_1_288' title='bbox 477 3496 733 3562; x_wconf 87' lang='lat' dir='ltr'><strong>omnino</strong></span> <span class='ocrx_word' id='word_1_289' title='bbox 776 3518 902 3561; x_wconf 89' lang='lat' dir='ltr'><strong>non</strong></span> <span class='ocrx_word' id='word_1_290' title='bbox 942 3517 1082 3561; x_wconf 89' lang='lat' dir='ltr'><strong>esse</strong></span> <span class='ocrx_word' id='word_1_291' title='bbox 1127 3498 1530 3575; x_wconf 88' lang='lat' dir='ltr'><strong>contendant,</strong></span> <span class='ocrx_word' id='word_1_292' title='bbox 1573 3505 1806 3571; x_wconf 87' lang='lat' dir='ltr'><strong>errant;</strong></span> <span class='ocrx_word' id='word_1_293' title='bbox 1851 3503 2067 3561; x_wconf 89' lang='lat' dir='ltr'><strong>contra</strong></span> <span class='ocrx_word' id='word_1_294' title='bbox 2111 3495 2220 3581; x_wconf 90' lang='lat' dir='ltr'><strong>qui</strong></span> <span class='ocrx_word' id='word_1_295' title='bbox 2261 3495 2344 3560; x_wconf 90' lang='lat' dir='ltr'><strong>sit</strong></span> <span class='ocrx_word' id='word_1_296' title='bbox 2382 3496 2579 3574; x_wconf 80' lang='lat' dir='ltr'><strong>locus,</strong></span> 
     </span>
     <span class='ocr_line' id='line_1_37' title="bbox 226 3592 2579 3681; baseline -0 -21"><span class='ocrx_word' id='word_1_297' title='bbox 226 3613 392 3679; x_wconf 78' lang='lat' dir='ltr'><strong>quae</strong></span> <span class='ocrx_word' id='word_1_298' title='bbox 434 3594 537 3660; x_wconf 87' lang='lat' dir='ltr'><strong>illa</strong></span> <span class='ocrx_word' id='word_1_299' title='bbox 580 3593 939 3671; x_wconf 79' lang='lat' dir='ltr'><strong>necessitaS,</strong></span> <span class='ocrx_word' id='word_1_300' title='bbox 982 3592 1103 3660; x_wconf 88' lang='lat' dir='ltr'><strong>hoc</strong></span> <span class='ocrx_word' id='word_1_301' title='bbox 1143 3593 1193 3658; x_wconf 89' lang='lat' dir='ltr'><strong>si</strong></span> <span class='ocrx_word' id='word_1_302' title='bbox 1239 3593 1356 3679; x_wconf 88' lang='lat' dir='ltr'><strong>ipsi</strong></span> <span class='ocrx_word' id='word_1_303' title='bbox 1401 3616 1469 3659; x_wconf 91' lang='lat' dir='ltr'><strong>se</strong></span> <span class='ocrx_word' id='word_1_304' title='bbox 1513 3594 1870 3681; x_wconf 88' lang='lat' dir='ltr'><strong>perspicere</strong></span> <span class='ocrx_word' id='word_1_305' title='bbox 1912 3614 2038 3658; x_wconf 91' lang='lat' dir='ltr'><strong>non</strong></span> <span class='ocrx_word' id='word_1_306' title='bbox 2081 3613 2268 3679; x_wconf 89' lang='lat' dir='ltr'><strong>posse</strong></span> <span class='ocrx_word' id='word_1_307' title='bbox 2311 3595 2579 3659; x_wconf 87' lang='lat' dir='ltr'><strong>confite-</strong></span> 
     </span>
     <span class='ocr_line' id='line_1_38' title="bbox 173 3691 984 3769; baseline 0.001 -14"><span class='ocrx_word' id='word_1_308' title='bbox 173 3758 181 3766; x_wconf 65' lang='lat'><strong>,</strong></span> <span class='ocrx_word' id='word_1_309' title='bbox 228 3700 463 3769; x_wconf 82' lang='lat' dir='ltr'><strong>rentur,</strong></span> <span class='ocrx_word' id='word_1_310' title='bbox 504 3714 644 3761; x_wconf 87' lang='lat' dir='ltr'><strong>vere</strong></span> <span class='ocrx_word' id='word_1_311' title='bbox 688 3691 984 3756; x_wconf 88' lang='lat' dir='ltr'><strong>dicerent.</strong></span> 
     </span>
    </p>

    <p class='ocr_par' dir='ltr' id='par_1_11' title="bbox 231 3785 2581 3969">
     <span class='ocr_line' id='line_1_39' title="bbox 386 3785 2579 3874; baseline 0 -23"><span class='ocrx_word' id='word_1_312' title='bbox 386 3789 524 3852; x_wconf 86' lang='lat' dir='ltr'><strong>Jam</strong></span> <span class='ocrx_word' id='word_1_313' title='bbox 578 3811 723 3856; x_wconf 88' lang='lat' dir='ltr'><strong>vero</strong></span> <span class='ocrx_word' id='word_1_314' title='bbox 775 3810 924 3854; x_wconf 88' lang='lat' dir='ltr'><strong>casu</strong></span> <span class='ocrx_word' id='word_1_315' title='bbox 972 3788 1172 3854; x_wconf 88' lang='lat' dir='ltr'><strong>valere</strong></span> <span class='ocrx_word' id='word_1_316' title='bbox 1217 3787 1399 3874; x_wconf 86' lang='lat' dir='ltr'><strong>jusso</strong></span> <span class='ocrx_word' id='word_1_317' title='bbox 1449 3787 1528 3851; x_wconf 87' lang='lat' dir='ltr'><strong>ad</strong></span> <span class='ocrx_word' id='word_1_318' title='bbox 1580 3808 1830 3852; x_wconf 88' lang='lat' dir='ltr'><strong>causam</strong></span> <span class='ocrx_word' id='word_1_319' title='bbox 1879 3787 1969 3851; x_wconf 90' lang='lat' dir='ltr'><strong>rei</strong></span> <span class='ocrx_word' id='word_1_320' title='bbox 2015 3785 2434 3873; x_wconf 89' lang='lat' dir='ltr'><strong>quaerendam</strong></span> <span class='ocrx_word' id='word_1_321' title='bbox 2477 3787 2579 3852; x_wconf 90' lang='lat' dir='ltr'><strong>alii</strong></span> 
     </span>
     <span class='ocr_line' id='line_1_40' title="bbox 231 3881 2581 3969; baseline 0.001 -21"><span class='ocrx_word' id='word_1_322' title='bbox 231 3886 561 3962; x_wconf 88' lang='lat' dir='ltr'><strong>accedunt,</strong></span> <span class='ocrx_word' id='word_1_323' title='bbox 616 3885 725 3949; x_wconf 90' lang='lat' dir='ltr'><strong>sed</strong></span> <span class='ocrx_word' id='word_1_324' title='bbox 778 3907 904 3950; x_wconf 92' lang='lat' dir='ltr'><strong>non</strong></span> <span class='ocrx_word' id='word_1_325' title='bbox 957 3895 1084 3951; x_wconf 88' lang='lat' dir='ltr'><strong>tam</strong></span> <span class='ocrx_word' id='word_1_326' title='bbox 1137 3906 1214 3949; x_wconf 84' lang='lat' dir='ltr'><strong>ex</strong></span> <span class='ocrx_word' id='word_1_327' title='bbox 1255 3884 1389 3965; x_wconf 88' lang='lat' dir='ltr'><strong>ipsa</strong></span> <span class='ocrx_word' id='word_1_328' title='bbox 1433 3905 1501 3948; x_wconf 91' lang='lat' dir='ltr'><strong>re</strong></span> <span class='ocrx_word' id='word_1_329' title='bbox 1545 3905 1681 3947; x_wconf 88' lang='lat' dir='ltr'><strong>cam</strong></span> <span class='ocrx_word' id='word_1_330' title='bbox 1719 3881 2045 3960; x_wconf 84' lang='lat' dir='ltr'><strong>hauriunt,</strong></span> <span class='ocrx_word' id='word_1_331' title='bbox 2100 3903 2286 3969; x_wconf 91' lang='lat' dir='ltr'><strong>quam</strong></span> <span class='ocrx_word' id='word_1_332' title='bbox 2328 3884 2406 3950; x_wconf 91' lang='lat' dir='ltr'><strong>de</strong></span> <span class='ocrx_word' id='word_1_333' title='bbox 2451 3883 2581 3950; x_wconf 89' lang='lat' dir='ltr'><strong>suis</strong></span> 
     </span>
    </p>
   </div>
   <div class='ocr_carea' id='block_1_8' title="bbox 236 4076 659 4086">
    <p class='ocr_par' dir='ltr' id='par_1_12' title="bbox 236 4076 659 4086">
     <span class='ocr_line' id='line_1_41' title="bbox 236 4076 659 4086; baseline 0 783"><span class='ocrx_word' id='word_1_334' title='bbox 236 4076 659 4086; x_wconf 95' lang='lat' dir='ltr'><strong> </strong></span> 
     </span>
    </p>
   </div>
   <div class='ocr_carea' id='block_1_9' title="bbox 234 4199 2584 4411">
    <p class='ocr_par' dir='ltr' id='par_1_13' title="bbox 234 4199 2584 4411">
     <span class='ocr_line' id='line_1_42' title="bbox 374 4199 2582 4277; baseline -0.001 -26"><span class='ocrx_word' id='word_1_335' title='bbox 374 4199 429 4257; x_wconf 73' lang='lat'><strong>⁶)</strong></span> <span class='ocrx_word' id='word_1_336' title='bbox 469 4209 576 4251; x_wconf 81' lang='lat' dir='ltr'><strong>Non</strong></span> <span class='ocrx_word' id='word_1_337' title='bbox 614 4205 823 4277; x_wconf 75' lang='lat' dir='ltr'><strong>facimus</strong></span> <span class='ocrx_word' id='word_1_338' title='bbox 859 4219 953 4254; x_wconf 78' lang='lat' dir='ltr'><strong>nos</strong></span> <span class='ocrx_word' id='word_1_339' title='bbox 992 4219 1104 4255; x_wconf 89' lang='lat' dir='ltr'><strong>cum</strong></span> <span class='ocrx_word' id='word_1_340' title='bbox 1140 4207 1429 4255; x_wconf 80' lang='lat' dir='ltr'><strong>Geneliio</strong></span> <span class='ocrx_word' id='word_1_341' title='bbox 1469 4206 1554 4261; x_wconf 75' lang='lat' dir='ltr'><strong>qui</strong></span> <span class='ocrx_word' id='word_1_342' title='bbox 1593 4206 1839 4262; x_wconf 76' lang='lat' dir='ltr'><strong>trilogiam</strong></span> <span class='ocrx_word' id='word_1_343' title='bbox 1875 4204 2074 4252; x_wconf 79' lang='lat' dir='ltr'><strong>Atticae</strong></span> <span class='ocrx_word' id='word_1_344' title='bbox 2110 4205 2396 4262; x_wconf 77' lang='lat' dir='ltr'><strong>tragoediae</strong></span> <span class='ocrx_word' id='word_1_345' title='bbox 2434 4204 2582 4259; x_wconf 79' lang='lat' dir='ltr'><strong>quasi</strong></span> 
     </span>
     <span class='ocr_line' id='line_1_43' title="bbox 234 4276 2583 4334; baseline 0 -14"><span class='ocrx_word' id='word_1_346' title='bbox 234 4285 473 4322; x_wconf 77' lang='lat' dir='ltr'><strong>cacumen</strong></span> <span class='ocrx_word' id='word_1_347' title='bbox 506 4289 623 4328; x_wconf 79' lang='lat' dir='ltr'><strong>esse</strong></span> <span class='ocrx_word' id='word_1_348' title='bbox 659 4280 902 4326; x_wconf 76' lang='lat' dir='ltr'><strong>contendit</strong></span> <span class='ocrx_word' id='word_1_349' title='bbox 951 4278 1002 4326; x_wconf 83' lang='lat' dir='ltr'><strong>iu</strong></span> <span class='ocrx_word' id='word_1_350' title='bbox 1038 4280 1195 4326; x_wconf 70' lang='lat' dir='ltr'><strong>lintea</strong></span> <span class='ocrx_word' id='word_1_351' title='bbox 1241 4283 1348 4328; x_wconf 83' lang='lat' dir='ltr'><strong>Das</strong></span> <span class='ocrx_word' id='word_1_352' title='bbox 1386 4281 1602 4328; x_wconf 80' lang='lat' dir='ltr'><strong>Tueater</strong></span> <span class='ocrx_word' id='word_1_353' title='bbox 1647 4288 1715 4324; x_wconf 86' lang='lat' dir='ltr'><strong>zu</strong></span> <span class='ocrx_word' id='word_1_354' title='bbox 1757 4279 1921 4324; x_wconf 80' lang='lat' dir='ltr'><strong>Athen</strong></span> <span class='ocrx_word' id='word_1_355' title='bbox 1969 4288 2084 4334; x_wconf 69' lang='lat' dir='ltr'><strong>pag.</strong></span> <span class='ocrx_word' id='word_1_356' title='bbox 2128 4279 2245 4325; x_wconf 76' lang='lat'><strong>158.</strong></span> <span class='ocrx_word' id='word_1_357' title='bbox 2316 4276 2414 4322; x_wconf 80' lang='lat' dir='ltr'><strong>Sed</strong></span> <span class='ocrx_word' id='word_1_358' title='bbox 2458 4278 2583 4320; x_wconf 77' lang='lat' dir='ltr'><strong>bene</strong></span> 
     </span>
     <span class='ocr_line' id='line_1_44' title="bbox 235 4345 2584 4411; baseline 0.001 -22"><span class='ocrx_word' id='word_1_359' title='bbox 235 4345 365 4391; x_wconf 85' lang='lat' dir='ltr'><strong>idem</strong></span> <span class='ocrx_word' id='word_1_360' title='bbox 401 4349 604 4409; x_wconf 78' lang='lat' dir='ltr'><strong>muniuit,</strong></span> <span class='ocrx_word' id='word_1_361' title='bbox 639 4362 737 4398; x_wconf 85' lang='lat' dir='ltr'><strong>non</strong></span> <span class='ocrx_word' id='word_1_362' title='bbox 773 4350 999 4406; x_wconf 82' lang='lat' dir='ltr'><strong>singulas</strong></span> <span class='ocrx_word' id='word_1_363' title='bbox 1036 4351 1283 4403; x_wconf 79' lang='lat' dir='ltr'><strong>Aeschyli</strong></span> <span class='ocrx_word' id='word_1_364' title='bbox 1320 4351 1636 4411; x_wconf 70' lang='lat' dir='ltr'><strong>tragoedias,</strong></span> <span class='ocrx_word' id='word_1_365' title='bbox 1677 4350 1766 4395; x_wconf 86' lang='lat' dir='ltr'><strong>sed</strong></span> <span class='ocrx_word' id='word_1_366' title='bbox 1801 4349 2025 4405; x_wconf 81' lang='lat' dir='ltr'><strong>integras</strong></span> <span class='ocrx_word' id='word_1_367' title='bbox 2063 4350 2174 4406; x_wconf 75' lang='lat' dir='ltr'><strong>ejus</strong></span> <span class='ocrx_word' id='word_1_368' title='bbox 2213 4345 2438 4401; x_wconf 78' lang='lat' dir='ltr'><strong>trilogias</strong></span> <span class='ocrx_word' id='word_1_369' title='bbox 2474 4357 2584 4392; x_wconf 75' lang='lat' dir='ltr'><strong>cum</strong></span> 
     </span>
    </p>
   </div>
   <div class='ocr_carea' id='block_1_10' title="bbox 235 4415 2583 4543">
    <p class='ocr_par' dir='ltr' id='par_1_14' title="bbox 235 4415 2583 4543">
     <span class='ocr_line' id='line_1_45' title="bbox 235 4415 2583 4535; baseline -0.004 -64"><span class='ocrx_word' id='word_1_370' title='bbox 235 4415 456 4535; x_wconf 64' lang='grc' dir='ltr'><strong>811181111ἰῖ</strong></span> <span class='ocrx_word' id='word_1_371' title='bbox 464 4426 581 4535; x_wconf 65' lang='lat' dir='ltr'><strong>⁴¹aut</strong></span> <span class='ocrx_word' id='word_1_372' title='bbox 619 4424 882 4480; x_wconf 73' lang='lat' dir='ltr'><strong>sophoclis</strong></span> <span class='ocrx_word' id='word_1_373' title='bbox 924 4427 1007 4470; x_wconf 87' lang='lat' dir='ltr'><strong>aut</strong></span> <span class='ocrx_word' id='word_1_374' title='bbox 1046 4421 1295 4478; x_wconf 71' lang='lat' dir='ltr'><strong>Euripidis</strong></span> <span class='ocrx_word' id='word_1_375' title='bbox 1333 4421 1603 4478; x_wconf 79' lang='lat' dir='ltr'><strong>tragoediis</strong></span> <span class='ocrx_word' id='word_1_376' title='bbox 1640 4433 1756 4470; x_wconf 79' lang='lat' dir='ltr'><strong>esse</strong></span> <span class='ocrx_word' id='word_1_377' title='bbox 1793 4421 2183 4480; x_wconf 72' lang='lat' dir='ltr'><strong>comparandas:</strong></span> <span class='ocrx_word' id='word_1_378' title='bbox 2231 4428 2347 4476; x_wconf 71' lang='lat' dir='ltr'><strong>pag.</strong></span> <span class='ocrx_word' id='word_1_379' title='bbox 2386 4418 2472 4467; x_wconf 77' lang='lat'><strong>21.</strong></span> <span class='ocrx_word' id='word_1_380' title='bbox 2523 4416 2583 4463; x_wconf 78' lang='lat' dir='ltr'><strong>cf.</strong></span> 
     </span>
     <span class='ocr_line' id='line_1_46' title="bbox 235 4497 510 4543; baseline -0.015 -3"><span class='ocrx_word' id='word_1_381' title='bbox 235 4497 350 4543; x_wconf 66' lang='lat' dir='ltr'><strong>Fag-</strong></span> <span class='ocrx_word' id='word_1_382' title='bbox 499 4523 510 4536; x_wconf 92' lang='lat'><strong>.</strong></span> 
     </span>
    </p>
   </div>
   <div class='ocr_carea' id='block_1_11' title="bbox 2964 0 2978 2594">
    <p class='ocr_par' dir='ltr' id='par_1_15' title="bbox 2964 0 2978 2594">
     <span class='ocr_line' id='line_1_47' title="bbox 2964 0 2978 2594; baseline 0 0"><span class='ocrx_word' id='word_1_383' title='bbox 2964 0 2978 2594; x_wconf 95' lang='lat' dir='ltr'><strong> </strong></span> 
     </span>
    </p>
   </div>
  </div>
 </body>
</html>
