2978 4869
1312 179 1740 248 ...46-

355 375 390 420 a
410 351 762 420 narratione
782 351 1069 438 Aeschyli
1087 357 1223 416 toto
1244 352 1421 417 coelo
1444 352 1663 419 differt.
1707 353 1916 419 Causa
1929 352 2162 439 quippe
2185 373 2349 438 quae
2368 354 2695 423 exhibetur

355 471 467 517 cur
494 449 688 517 victor
718 469 753 513 e
777 446 1289 513 iudicio'Orestes
1320 449 1582 514 evaserit
1609 456 1740 515 tota
1767 449 1999 536 pendet
2030 469 2108 514 ex
2137 470 2235 527 eo,
2267 451 2435 536 quod
2464 452 2561 517 dei
2589 451 2694 518 su-

354 549 515 613 erint
535 543 811 631 judices,
850 564 1146 608 numerus
1187 543 1461 611 iudicum
1493 545 1706 611 itidem
1738 566 1816 612 ex
1846 545 2088 611 solenni
2127 545 2386 612 deorum
2427 568 2691 613 numero

353 639 602 730 pendet.
631 675 714 688 -
741 638 913 718 Quid
962 639 1150 724 igitur
1193 639 1316 705 hoc
1365 640 1442 705 ad
1483 640 1857 728 Aeschylum
1899 641 2164 707 attinet?
2216 644 2418 707 Immo
2463 651 2695 728 quanta

353 737 724 824 ineptiaista
756 734 1022 800 narratio
1052 736 1381 821 premitur!
1424 736 1541 801 Hic
1571 758 1827 824 quoque
1844 737 2123 805 Minerva
2150 735 2368 803 ultima
2390 738 2693 804 calculum

353 854 466 920 pro
487 833 712 899 Oreste
734 833 927 911 affert,
970 834 1075 896 sed
1119 852 1313 900 vanus
1358 840 1455 898 est
1496 833 1596 898 ille
1640 834 1940 900 calculus:
1981 833 2194 898 nonin
2236 855 2312 899 eo
2356 841 2453 899 est
2491 833 2695 920 posita

353 928 598 996 Orestis
640 927 835 1006 salua,
883 928 1090 1013 potuit
1137 950 1337 1015 aeque
1386 931 1548 995 bene
1600 929 1664 994 in
1705 930 1959 995 alteram
2000 936 2242 1015 partem
2286 929 2400 995 dea
2441 930 2694 1015 sapien-

353 1025 590 1091 tissima
639 1022 809 1088 abire
864 1024 1201 1090 dummodo
1251 1047 1365 1113 par
1413 1027 1491 1091 ab
1539 1033 1804 1111 utraque
1854 1031 2028 1109 parte
2071 1024 2417 1091 divinorum
2467 1026 2692 1090 suffra—

355 1122 598 1207 giorum
638 1138 940 1185 numerus
982 1120 1326 1187 exsisteret.
1407 1122 1574 1189 Num
1616 1123 1836 1187 eodem
1886 1120 2077 1185 modo
2123 1121 2509 1209 Aeschylus?
2564 1120 2694 1186 Mi·-

352 1217 536 1282 nime.
620 1216 776 1294 Sint,
814 1216 907 1281 uti
948 1217 1177 1294 volunt,
1222 1238 1330 1281 sex
1369 1218 1667 1304 utrinque
1709 1215 1876 1303 apud
1916 1215 2290 1303 Aeschylum
2334 1216 2573 1293 calculi,
2614 1215 2696 1281 sit

353 1321 567 1378 sextus
609 1312 825 1379 Oresti
866 1312 1076 1378 favens
1102 1312 1440 1393 Minervae,
1482 1335 1670 1380 causa
1721 1332 1832 1379 cur
1870 1312 1971 1379 hic
2012 1312 2364 1379 absolvatur
2405 1332 2481 1376 ea
2523 1332 2695 1376 sem-

351 1430 469 1496 per
505 1408 639 1486 erit,
683 1407 828 1494 quia
870 1407 1047 1473 deam
1076 1409 1593 1495 sapientissimam
1622 1418 1943 1496 patronam
1971 1409 2207 1476 habuit.
2263 1408 2432 1487 Quid
2461 1408 2697 1473 multa?

352 1511 450 1569 est
489 1523 732 1568 summa
761 1503 927 1588 apud
956 1504 1330 1592 Aeschylum
1361 1507 1451 1574 vis
1482 1506 1699 1571 calculi
1727 1506 2063 1582 Minervae,
2106 1504 2275 1568 nulla
2306 1504 2471 1585 apud
2503 1503 2697 1568 scho-

352 1601 612 1678 liastam,
654 1599 957 1665 intellexit
994 1599 1095 1664 ille
1139 1601 1288 1685 quid
1329 1601 1445 1666 sibi
1474 1602 1669 1664 vellet
1692 1599 2008 1667 Minervae
2039 1599 2357 1675 iudicium,
2398 1598 2503 1663 hic
2545 1605 2696 1663 tan-

351 1705 485 1763 tum
512 1695 709 1762 abfuit
746 1702 819 1759 ut
845 1693 1235 1778 intelligeret,
1275 1703 1347 1760 ut
1376 1716 1628 1761 causam
1671 1717 1784 1762 cur
1802 1695 2063 1763 Orestes
2098 1694 2472 1759 liberaretur
2509 1693 2696 1758 aliam

353 1797 697 1879 quaereret.
779 1787 907 1867 Qui
951 1788 1137 1874 igitur
1176 1790 1276 1855 hic
1317 1791 1555 1858 laudari
1595 1791 1845 1878 poterit,
1886 1791 1995 1858 ubi
2039 1791 2115 1856 de
2156 1789 2442 1876 Aeschyli
2483 1796 2695 1854 mente

353 1887 702 1975 quaeritur,
755 1885 874 1950 nisi
926 1886 1087 1951 forte
1132 1895 1388 1953 externa
1437 1888 1607 1975 quis,
1658 1908 1989 1953 numerum
2042 1887 2296 1973 inquam
2350 1892 2414 1950 et
2464 1906 2697 1951 nomen

353 2005 539 2071 quam
580 2004 712 2047 rem
753 1981 984 2063 ipsam,
1037 2002 1290 2047 sensum
1342 1991 1405 2047 et
1445 1985 1776 2051 consilium
1818 1983 2191 2069 scriptorum
2236 1989 2513 2067 spectare
2557 2002 2698 2046 ma-

352 2081 498 2147 vult.
560 2080 718 2145 'Sed
765 2078 1131 2164 priusquam
1193 2078 1271 2143 ad
1321 2079 1649 2145 consilium
1699 2079 1987 2165 Aeschyli
2049 2078 2445 2156 revertimur,
2506 2079 2700 2153 verbo

353 2176 569 2240 saltem
618 2180 1056 2257 argumentum
1107 2180 1431 2239 externum
1483 2174 1799 2260 quoddam
1848 2172 2097 2239 aliunde
2146 2174 2411 2260 petitum
2475 2175 2585 2239 sed
2634 2181 2698 2238 et

293 2328 297 2341 .
352 2268 555 2357 ipsum
598 2290 635 2334 a
676 2268 1112 2335 Fritzschio
1155 2269 1408 2335 allatum
1450 2270 1843 2354 attingamus.
1899 2270 2023 2335 Sed
2055 2270 2401 2355 argumenti
2443 2269 2696 2335 nomine

351 2387 502 2432 num
543 2366 605 2430 id
636 2365 890 2451 dignum
921 2364 1135 2430 haberi
1172 2372 1397 2453 potest,
1442 2367 1613 2454 quod
1655 2366 1719 2430 in
1757 2387 1827 2431 re
1866 2374 2148 2433 versatur
2189 2374 2253 2431 et
2302 2366 2437 2452 ipsa
2488 2365 2698 2430 incer-

350 2462 627 2529 tissima?
672 2464 809 2527 ¹Est
848 2461 1017 2526 enim
1058 2483 1126 2528 re
1166 2484 1308 2530 vera
1348 2463 1861 2541 incertissimum,
1904 2463 2206 2545 imparem
2247 2462 2438 2527 fuisse
2477 2462 2698 2528 seriori

350 2567 636 2639 tempore
657 2558 1174 2644 Areopagitarum
1216 2580 1580 2633 numerum:
1634 2562 1766 2638 sed,
1806 2568 1879 2625 ut
1919 2561 2129 2639 fuerit,
2174 2560 2538 2645 sequiturne
2580 2579 2700 2623 eo-

351 2654 497 2719 dem
535 2652 723 2717 modo
764 2673 900 2718 rem
942 2653 1088 2718 inde
1131 2675 1167 2717 a
1207 2653 1421 2739 primis
1462 2657 1850 2741 temporibus
1889 2656 2241 2722 institutam
2284 2654 2515 2720 fuisse?
2565 2654 2696 2731 sed,

347 2756 423 2816 ut
442 2748 650 2815 omnia
672 2747 1026 2826 concedam,
1057 2748 1246 2814 fuerit
1270 2749 1415 2816 inde
1438 2772 1473 2815 a
1495 2750 1711 2836 primis
1732 2752 2141 2839 temporibuS‚
2163 2771 2371 2817 annon
2391 2748 2696 2836 Aeschylo

350 2845 542 2924 licuit,
584 2844 704 2910 alio
746 2843 1007 2910 consilio
1047 2865 1181 2909 rem
1222 2845 1399 2911 aliter
1440 2846 1806 2915 instituere?
1862 2850 2113 2915 Scilicet
2152 2847 2303 2912 nihil
2346 2847 2446 2911 ille
2487 2852 2700 2911 muta·-

350 2942 464 3020 vit,
523 2942 954 3007 auctoritatem
1017 2941 1120 3005 ille
1182 2942 1376 3026 magis
1439 2964 1627 3030 quam
1691 2965 1864 3010 suam
1930 2951 2199 3008 mentem
2260 2942 2519 3019 curavit,
2582 2940 2702 3007 fuit

355 3034 553 3123 major
593 3035 679 3099 illi
720 3035 1013 3101 historiae
1056 3057 1241 3122 quam
1281 3038 1538 3103 rationis
1581 3040 1817 3125 religio.
1894 3040 2082 3105 Vides
2134 3057 2321 3125 quam
2372 3037 2497 3102 sint
2542 3023 2700 3103 levia

354 3133 472 3199 ista
511 3139 584 3198 ut
622 3132 753 3198 fere
794 3132 1003 3219 pigeat
1043 3153 1143 3198 me
1185 3132 1358 3220 quod
1395 3140 1494 3199 tot
1534 3135 1610 3199 de
1652 3136 1727 3200 iis
1768 3137 1953 3202 verba
1994 3135 2264 3201 fecerim.

512 3229 743 3295 Omnia
783 3229 997 3315 itaque
1041 3229 1160 3294 iam
1202 3238 1276 3296 ut
1309 3229 1531 3295 eodem
1551 3231 1909 3309 redeamuS,
1949 3232 2118 3296 unde
2158 3229 2460 3307 venimuS,
2501 3227 2564 3293 id
2605 3235 2702 3293 est

353 3332 427 3391 ut
464 3331 687 3411 poetae
739 3323 937 3408 ipsius
988 3326 1317 3391 consilium
1362 3346 1753 3412 quaeramus,
1807 3348 1923 3391 nos
1967 3326 2387 3391 adhortantur.
2431 3324 2702 3388 -Fritz-

356 3420 611 3487 schius
651 3419 879 3485 iterum
922 3419 1121 3504 praeit
1161 3421 1236 3485 ad
1280 3443 1516 3487 morem
1561 3444 1705 3488 eum
1747 3442 2118 3509 provocanS,
2171 3441 2299 3507 quo
2340 3420 2435 3487 vel
2478 3427 2704 3500 poste-

353 3517 504 3584 riori
543 3524 826 3601 tempore
868 3515 1122 3602 paribus
1163 3516 1456 3604 utrinque
1502 3520 1826 3585 sententiis
1870 3539 2018 3584 reus
2061 3517 2333 3582 criminis
2376 3514 2700 3579 absolutus

356 3614 452 3679 sit.
534 3615 717 3680 Hunc
760 3612 924 3678 enim
968 3634 1204 3678 morem
1247 3634 1441 3699 quum
1492 3638 1568 3681 ex
1618 3617 1757 3696 ipso
1801 3615 1906 3679 illo
1946 3614 2263 3679 Minervae
2302 3609 2533 3675 iudicio
2573 3611 2704 3676 du-

290 3779 295 3788 *
354 3710 578 3787 xerint,
621 3717 831 3796 aperte
872 3710 959 3774 ait
996 3709 1161 3795 apud
1203 3709 1576 3797 Aeschylum
1620 3730 1873 3798 quoque
1915 3709 2122 3774 addito
2166 3708 2413 3774 demum
2455 3706 2700 3772 Miner-

356 3824 466 3870 vae
525 3806 759 3871 calculo
819 3826 1032 3892 parem
1092 3805 1323 3871 factum
1375 3826 1516 3871 esse
1575 3807 1951 3872 calculorum
2003 3824 2353 3869 numerum.
2441 3803 2572 3867 Res
2627 3816 2726 3868 ea·

360 3898 715 3987 gravissima
756 3909 877 3975 est:
928 3924 1003 3967 ex
1047 3909 1402 3989 comparato
1445 3901 1611 3967 enim
1654 3924 1828 3969 more
1871 3903 1992 3967 isto
2035 3921 2178 3965 cum
2219 3898 2508 3985 Aeschyli
2550 3920 2701 3963 nar-

358 3995 600 4062 ratione
645 4014 804 4079 quae
847 3997 927 4062 sit
964 3998 1292 4086 utriusque
1332 3998 1423 4065 vis
1465 4006 1530 4063 et
1571 4020 1795 4065 sensus
1836 3999 2081 4064 elucere
2123 3994 2374 4081 poterit.
2445 3995 2700 4061 Statua-

358 4113 499 4158 mus
552 4089 822 4177 primum
871 4113 1078 4158 veram
1128 4116 1265 4159 esse
1307 4095 1709 4160 Hermanni
1754 4103 1817 4159 et
1856 4091 2270 4160 Fritzschii
2321 4091 2699 4177 opinionem.

361 4187 583 4253 Statim
627 4186 944 4273 quomodo
987 4210 1156 4267 usuS,
1200 4191 1307 4276 qui
1349 4196 1573 4276 postea
1613 4189 1676 4254 in
1719 4190 1854 4255 foro
1895 4189 2083 4257 valuit
2124 4210 2200 4253 ex
2244 4187 2488 4254 Orestis
2530 4186 2699 4251 iudi-

362 4282 459 4347 cio
503 4283 646 4346 duci
686 4280 990 4363 potuerit,
1043 4303 1158 4365 ego
1200 4306 1325 4349 non
1369 4284 1665 4369 intelligo.
1746 4284 2091 4350 Absolutus
2142 4291 2237 4349 est
2278 4283 2550 4349 criminis
2592 4280 2700 4368 qui

362 4383 622 4443 matrem
664 4384 991 4444 necaverat
1041 4376 1186 4463 quia
1237 4378 1517 4448 alborum
1573 4378 1949 4448 calculorum
1998 4402 2164 4448 unus
2205 4380 2520 4449 Minervae
2572 4377 2703 4444 cal-
