2978 4869
1355 221 1782 279 ...22—

397 375 679 442 molitur!
719 385 895 443 tenet
936 399 1109 444 sacra
1150 377 1362 442 omnia
1401 376 1539 461 lege
1579 377 1682 443 illa
1724 374 2110 468 sanctissima
2149 380 2472 460 obstricta,
2514 388 2732 468 poetae

850 523 867 552 ‚
2717 525 2733 539 .

402 567 644 653 Ubique
687 589 827 635 cum
872 577 1002 635 arte
1045 568 1187 633 facit
1225 568 1442 655 religio
1485 571 1721 656 etquid
1747 570 1825 636 ad
1863 569 2022 636 hanc
2063 571 2304 657 potius,
2345 573 2496 658 quid
2535 573 2616 638 ad
2655 572 2736 636 il·-

398 661 519 728 lam
560 664 866 749 pertineat
905 663 1068 729 haud
1110 663 1289 730 facile
1331 665 1703 753 dijudicaris.
1784 668 1901 733 Est
1936 666 2634 754 tamen'dijudicandum
2674 672 2740 731 et

400 759 569 844 q'uod
621 760 1009 846 suscepimus
1070 761 1393 846 negotium
1435 760 1902 848 perficiendum.
1964 765 2263 830 Nostrum
2306 772 2402 830 est
2441 762 2738 849 persequi

400 854 633 922 bellum
678 855 829 922 illud
852 856 1021 942 quod
1050 865 1147 923 est
1186 857 1347 922 inter
1375 858 1596 945 poesin
1628 865 1690 922 et
1730 857 2093 944 religionem
2122 866 2188 924 et
2224 858 2524 944 triplicem
2554 876 2739 945 quam

404 949 527 1015 iam
569 957 753 1015 antea
785 950 1053 1019 diximus
1107 954 1524 1021 conditionem
1578 974 1912 1062 exponere.
1974 955 2196 1020 Totius
2226 955 2419 1040 igitur
2455 954 2742 1035 disputa-

401 1044 589 1110 tionis
632 1045 750 1111 tria
792 1048 994 1130 capita
1034 1047 1355 1128 faciamus,
1396 1071 1668 1135 quorum
1717 1049 1919 1135 primo
1971 1070 2137 1115 nunc
2188 1051 2266 1115 de
2315 1072 2390 1116 ea
2428 1048 2743 1135 religionis

403 1161 544 1207 cum
587 1142 763 1227 po‘esi
796 1142 1050 1229 junctae
1093 1145 1333 1211 ratione
1376 1144 1774 1223 disseramuS,
1814 1166 1939 1231 qua
1979 1152 2110 1210 tota
2149 1144 2296 1211 huic
2338 1146 2438 1212 illa
2476 1144 2744 1212 obediat.

1249 1429 1721 1495 cAPIJT
1808 1431 1897 1494 1.

1494 1596 1548 1666 §-
1598 1594 1655 1655 5.

568 1716 795 1783 Tribus
836 1738 1053 1785 rursus
1105 1719 1257 1785 illud
1310 1718 1523 1833 poesis
1572 1718 1651 1784 de
1711 1719 2007 1804 religione
2068 1716 2410 1799 imperium
2461 1718 2751 1801 gradibus

407 1811 712 1877 contineri
752 1819 941 1899 patet.

564 1907 846 1974 Primum
876 1908 1043 1974 enim
1084 1918 1255 1976 tanta
1277 1917 1374 1976 est
1403 1911 1497 1977 vis
1530 1908 1765 1975 formae
1806 1909 2111 1991 poeticae,
2150 1916 2224 1975 ut
2262 1906 2511 1974 aliunde
2553 1927 2753 1992 argu-

405 2009 688 2069 mentum
743 2004 860 2069 sibi
911 2025 1159 2071 sumere
1233 2016 1487 2089 spernat
1548 2012 1613 2071 et
1671 2005 1806 2093 ipsa
1855 2005 1918 2070 id
1968 2025 2225 2092 quoque
2276 2003 2396 2069 sibi
2444 2009 2753 2084 procreet.

403 2097 538 2165 Nec
578 2097 812 2164 formae
854 2121 1043 2186 quam
1084 2102 1196 2180 rei,
1239 2123 1356 2168 nec
1396 2101 1488 2168 rei
1532 2121 1719 2188 quam
1761 2101 1996 2167 formae
2037 2101 2213 2186 prius
2254 2096 2544 2183 cogitatio
2586 2096 2758 2163 subit

402 2199 628 2273 poetae
668 2201 964 2261 mentem.

566 2288 930 2356 Proximum
981 2292 1204 2359 abhinc
1256 2303 1380 2372 est,
1440 2303 1516 2361 ut
1573 2313 1709 2360 rem
1771 2291 2024 2378 quidem
2084 2310 2121 2355 a
2171 2288 2469 2375 religione
2531 2288 2759 2354 habeat

405 2383 621 2468 poesis
663 2387 1148 2474 suppeditatum,
1213 2390 1320 2458 sed
1363 2390 1451 2458 ita
1503 2389 1710 2457 statim
1762 2387 1922 2454 hanc
1974 2385 2089 2453 sibi
2130 2385 2189 2453 vi
2229 2383 2464 2452 formae
2504 2384 2762 2473 propria

409 2481 720 2568 subjiciat,
785 2492 859 2550 ut
898 2506 1215 2552 sacramne
1254 2508 1388 2554 rem
1429 2486 1673 2553 ratione
1735 2484 1981 2570 po'etica
2043 2490 2323 2548 ornatam
2382 2481 2614 2547 habeas
2675 2501 2757 2546 an

407 2596 541 2642 rem
585 2579 890 2664 po'eticam
932 2601 1106 2647 sacra
1140 2582 1351 2663 speeie
1392 2582 1674 2647 indutam
1714 2587 1778 2645 te'
1818 2578 2059 2644 nescire
2102 2576 2374 2644 fateariS.
2433 2576 2574 2643 Vim
2608 2597 2759 2644 vero

408 2673 620 2758 po'esis
661 2672 780 2739 hoc
822 2674 961 2739 loco
1004 2675 1259 2741 omnino
1299 2675 1533 2742 nullam
1576 2676 1829 2757 patitur,
1872 2673 1984 2740 sed
2007 2693 2202 2759 quum
2226 2692 2301 2737 ea
2341 2693 2410 2737 re
2431 2672 2650 2750 vincat,
2693 2671 2760 2736 in

413 2787 540 2853 qua
576 2775 711 2834 tota
749 2776 1059 2848 versatur,
1099 2769 1298 2836 forma
1340 2771 1597 2859 inquam
1639 2771 1717 2837 ad
1751 2770 1843 2836 rei
1885 2768 2207 2837 veritatem
2247 2767 2531 2856 proxime
2572 2789 2761 2834 acce-

412 2863 619 2941 dente,
659 2871 868 2950 potest
905 2873 1056 2944 tota,
1097 2875 1309 2953 potest
1345 2867 1628 2954 profecto
1670 2866 1925 2933 omnino
1966 2864 2188 2931 vicisse
2227 2864 2441 2931 videri.
2487 2877 2494 2882 ·

571 2959 918 3026 Fatendum
961 2968 1202 3040 tamen,
1254 2986 1450 3050 quum
1492 2964 1741 3030 aliunde
1783 2965 2218 3045 argumentum
2260 2959 2547 3044 accipere
2591 2956 2761 3022 didi-

414 3052 570 3119 cerit
610 3075 739 3119 non
779 3055 963 3139 longe
1004 3057 1222 3122 abesse
1264 3057 1611 3144 periculum
1652 3079 1733 3123 ne
1775 3056 2008 3122 formae
2061 3054 2248 3120 etiam
2302 3055 2379 3121 ab
2430 3059 2562 3119 arte
2604 3073 2764 3135 pro-

412 3147 612 3215 fectae
665 3171 792 3217 non
845 3151 1114 3234 amplius
1164 3161 1597 3237 argumentum
1646 3175 1682 3218 a
1731 3153 2060 3236 religione·
2092 3153 2442 3233 profectum
2494 3149 2763 3215 obediat.

415 3246 653 3311 Verum
695 3246 1050 3314 etiamnunc
1092 3249 1156 3314 in
1196 3256 1422 3331 poetae
1474 3248 1763 3316 manibus
1813 3254 1911 3313 est
1949 3245 2221 3313 victoria.
2323 3248 2450 3311 Res
2496 3244 2625 3331 jam
2677 3244 2767 3312 ita

417 3339 567 3406 artis
609 3341 939 3408 commodo
981 3343 1354 3410 discernitur
1391 3353 1463 3410 ut
1505 3342 1784 3432 quamvis
1837 3348 2069 3407 certam
2113 3347 2177 3405 et
2217 3340 2628 3406 necessariam
2671 3340 2765 3405 rei

419 3434 684 3502 formam
715 3436 992 3503 tribuere
1035 3460 1162 3503 non
1194 3440 1410 3516 valeat,
1453 3448 1664 3505 tamen
1695 3459 1832 3503 eam
1866 3459 1994 3508 non
2024 3435 2221 3520 magis
2254 3435 2555 3518 suscipiat
2574 3456 2766 3523 quam

420 3552 501 3597 ex
541 3553 669 3599 suo·
699 3533 953 3599 arbitrio
997 3534 1307 3601 inventam
1359 3535 1576 3621 religio
1636 3534 1911 3617 praebet.
2012 3534 2140 3607 Eo,
2196 3531 2384 3595 tertio
2444 3530 2563 3595 hoc
2623 3531 2768 3596 loco

417 3630 631 3710 poesis
672 3630 974 3717 probatur
1013 3631 1347 3697 auctoritas
1369 3631 1560 3718 quod,
1604 3631 1857 3696 fortuita
1891 3628 1996 3693 illa
2024 3624 2337 3710 religionis
2369 3625 2565 3691 forma
2607 3626 2768 3691 sub-

348 3753 357 3760 ·
426 3722 565 3803 lata,
608 3724 807 3792 forma
847 3726 937 3792 rei
981 3727 1308 3809 adaptatur
1358 3734 1423 3791 et
1463 3726 1600 3808 ipsa
1641 3724 1893 3792 fortuita
1934 3722 2143 3809 potius
2165 3743 2352 3809 quam
2394 3722 2768 3830 necessaria,

426 3819 534 3884 sed
576 3843 761 3906 quam
805 3830 1001 3888 totam
1042 3841 1183 3889 esse
1224 3822 1374 3887 artis
1416 3821 1672 3888 arbitrio
1735 3819 2003 3903 positam
2044 3818 2414 3884 confitearis.

583 3916 697 3980 His
740 3919 1031 4002 gradibus
1073 3919 1413 4004 generatim
1456 3918 1540 3983 ita
1584 3925 1648 3983 et
1686 3916 1973 3984 universe
2006 3912 2366 3996 descriptis,
2407 3914 2486 3979 ad
2527 3914 2770 3999 singula

424 4018 521 4076 est
559 4013 1026 4081 transeundum.

1520 4178 1571 4250 S.
1614 4176 1672 4274 6.

584 4303 630 4366 1.
683 4301 1025 4388 Religionis
1052 4303 1320 4390 primum
1350 4324 1512 4390 quae
1540 4309 1669 4367 tota
1697 4307 1793 4366 est
1821 4299 1985 4387 apud
2014 4306 2261 4381 poetam
2299 4321 2495 4369 unum
2524 4307 2765 4365 tantum

430 4399 781 4485 exemplum
835 4399 896 4463 in
948 4405 1240 4485 promptu
1291 4398 1521 4476 habeo,
1575 4397 1753 4485 cujus
1794 4395 2176 4461 mentionem
2216 4395 2525 4482 Hesychio
2568 4395 2767 4460 debe—

431 4510 570 4557 mus
621 4494 695 4577 (S.
747 4518 797 4563 v.
852 4490 1294 4588 Αμφῖὁρομος)
1364 4493 1713 4577 Αὲσχύλιος
1767 4490 1973 4578 inquit
2035 4488 2277 4579 Σεμὲλκῃ
2331 4492 2568 4557 Ζπλασε
2633 4486 2768 4554 δαί-
