2978 4869
1285 209 1726 278 -59—

502 389 629 457 Sed
670 394 815 455 sunt
860 387 979 453 alia
1018 385 1234 463 etiam,
1270 405 1431 470 quae
1472 392 1688 449 contra
1739 379 2294 447 Lachmannum
2345 380 2670 462 proferam.

348 486 648 553 Videlicet
687 485 737 549 si
781 483 1069 549 abierunt
1107 480 1331 546 Furiae
1374 478 1724 556 duodecim,
1765 496 1878 543 cur
1914 497 2044 542 non
2086 475 2332 542 disertis
2366 479 2570 546 verbis
2611 479 2672 543 id

343 582 677 648 indicatum
721 586 843 657 est,
893 598 1006 644 cur
1054 598 1183 642 non
1232 575 1519 663 pluribus
1558 574 1636 640 de
1677 573 1917 639 illarum
1958 572 2235 637 absentia
2282 573 2513 658 agitur,
2563 596 2676 640 cur

344 701 469 743 non
512 677 693 742 mites
736 674 1119 740 manentium
1158 671 1348 737 animi
1399 692 1541 738 cum
1582 668 2073 757 implacabilibus
2113 667 2492 754 reliquarum
2534 672 2677 736 ani-

342 774 460 838 mis
502 773 978 857 comparantur?
1055 767 1222 836 Nihil
1268 766 1627 855 hujusmodi
1680 764 1972 832 invenies.
2053 766 2259 829 Taceo
2295 766 2480 851 quod
2534 767 2676 853 quis

340 869 564 934 merito
593 868 822 933 addere
850 866 1066 953 possit,
1106 863 1474 931 vocabulum
1513 857 1751 947 ὁμιλία
1795 860 1993 945 (1630)
2034 858 2115 925 de
2142 860 2496 947 quindecim
2536 884 2678 929 me-

343 964 465 1029 lius
513 985 701 1049 quam
741 964 820 1028 dc
858 962 1062 1028 tribus
1102 958 1397 1026 adhiberi.
1478 957 1719 1023 Poterit
1756 955 1921 1034 enim
1960 973 2209 1023 versum
2248 957 2502 1024 laudare
2539 963 2677 1039 711,

339 1060 447 1124 uhi
489 1061 568 1124 de
610 1080 678 1123 se
720 1058 1050 1145 loquentes
1091 1057 1309 1122 eadem
1349 1075 1501 1122 voce
1541 1052 1766 1121 Furiae
1806 1051 2160 1138 quindecim
2199 1059 2474 1120 utantur.

499 1156 732 1220 Verum
774 1175 852 1219 ne
894 1152 995 1219 cui
1035 1150 1312 1237 iniquius
1353 1171 1536 1235 agere
1568 1148 1797 1226 videar,
1837 1147 2062 1212 habeat
2101 1147 2223 1212 iam
2273 1169 2411 1213 con
2427 1150 2677 1218 silium

342 1250 513 1327 illud,
539 1250 706 1315 unde
727 1256 920 1315 totam
941 1249 1101 1313 hanc
1129 1246 1487 1333 opinionem
1510 1243 1982 1309 Lachmanno
2011 1242 2255 1309 venisse
2278 1241 2424 1322 dixi,
2456 1245 2680 1313 habeat

342 1346 464 1409 iam
501 1342 928 1430 argumenti
968 1342 1118 1419 vim,
1166 1340 1371 1429 sitque
1408 1339 1614 1424 magni
1653 1338 1955 1404 momenti
1990 1337 2214 1406 violata
2247 1358 2366 1420 per
2399 1342 2680 1430 Aeschy-

341 1438 472 1506 lum
516 1438 901 1505 sanctissima
942 1437 1165 1505 civium
1206 1436 1444 1521 religio.
1526 1438 1753 1499 Annon
1793 1432 1991 1518 magis
2026 1434 2212 1500 etiam
2253 1434 2516 1504 violatae
2556 1460 2680 1505 ra-

341 1535 606 1614 tionis,
649 1556 729 1599 ne
770 1535 968 1601 dicam
1008 1532 1273 1617 po'esis
1313 1532 1480 1617 leges
1520 1536 1749 1613 poetae
1791 1535 1857 1595 et
1896 1527 2149 1614 quidem
2179 1531 2486 1618 Aeschylo
2527 1535 2680 1599 reli-

343 1631 507 1716 gioni
550 1652 691 1697 esse
731 1631 1121 1697 debuerunt?
1170 1634 1399 1694 Annon
1440 1626 1553 1692 has
1596 1626 1765 1711 leges
1802 1624 2114 1703 violasset,
2157 1627 2210 1692 si
2252 1626 2467 1693 iratam
2510 1630 2681 1696 abire

343 1727 584 1794 sivisset
623 1727 950 1792 maximam
992 1724 1322 1789 Furiarum
1362 1724 1642 1807 partem?
1688 1727 1916 1786 Annon
1967 1721 2197 1788 misere
2249 1730 2387 1790 tum'
2435 1725 2680 1808 lapsum

344 1828 510 1886 esset
556 1821 830 1889 divinum
881 1819 1067 1888 divini
1118 1826 1341 1907 po'etae
1391 1816 1719 1883 consilium
1768 1837 1896 1902 quo
1947 1816 2099 1881 deos
2147 1819 2403 1886 omnino
2455 1842 2681 1888 recen-

343 1917 534 1983 tiores
576 1939 718 1984 cum
761 1916 1219 2003 antiquioribus
1270 1912 1601 1980 conciliare
1646 1911 1882 1980 voluit?
1938 1932 2147 1978 annon
2197 1922 2501 2000 quantum
2552 1925 2681 1984 tres

344 2012 485 2077 illae
539 2012 763 2077 civitati
817 2013 1124 2078 commodi
1171 2018 1415 2078 tantum
1473 2008 1751 2094 reliquae
1809 2008 2018 2074 damni
2070 2010 2360 2078 afferrent
2424 2032 2681 2080 necesse

343 2107 500 2174 fuit?
540 2113 767 2172 Annon
795 2106 1122 2194 AeschyIO,
1164 2108 1333 2194 quod
1374 2126 1517 2172 raro
1558 2103 1799 2181 accidit,
1839 2105 2038 2169 multo
2079 2106 2447 2191 prudentius
2488 2110 2682 2175 Euri-

344 2204 520 2289 pides
562 2224 694 2268 rem
738 2202 1126 2281 instituisset,
1168 2225 1363 2290 quum
1404 2207 1582 2283 parte
1622 2207 1864 2265 tantum
1886 2200 2216 2267 Furiarum
2257 2203 2533 2289 mitigata
2573 2227 2682 2270 re-

343 2299 545 2385 liquas
589 2299 799 2362 Oresti
844 2298 1099 2362 infestas
1140 2318 1393 2363 manere
1434 2298 1694 2381 fingeret
1734 2296 1883 2382 (Iph.
1915 2298 2078 2362 Tau.
2120 2303 2240 2363 897
2281 2300 2438 2383 sq.)?

503 2393 629 2473 Qui
662 2392 850 2477 igitur
881 2392 1013 2457 fieri
1045 2399 1272 2479 potest,
1312 2400 1384 2459 ut
1411 2390 1642 2477 rejecta
1681 2391 2137 2468 Lachmanni
2181 2393 2485 2459 sententia
2511 2395 2680 2462 bono

345 2489 552 2555 animo
595 2496 867 2556 nostram
909 2488 1180 2555 retinere
1221 2488 1577 2571 possimus?
1637 2486 2069 2554 Concedamus
2118 2510 2376 2555 necesse
2426 2497 2548 2569 est,
2599 2492 2680 2557 li·-

345 2585 548 2652 cuisse
597 2592 848 2671 poetae,
912 2585 1063 2673 quid
1113 2584 1441 2672 pulchrum
1489 2584 1714 2669 magiS,
1780 2604 1966 2669 quam
2020 2584 2172 2670 quid
2219 2583 2355 2669 lege
2402 2593 2571 2652 esset
2619 2595 2684 2653 et

342 2681 641 2765 religione
684 2681 987 2746 sancitum
1029 2703 1362 2766 quaerere,
1401 2679 1658 2744 dearum
1698 2698 2056 2758 numerum,
2104 2679 2340 2767 quippe¹
2380 2682 2488 2768 qui
2531 2682 2680 2749 nihil

343 2778 419 2841 ad
461 2797 591 2840 rem
636 2775 886 2851 faceret,
924 2795 1042 2855 pro
1084 2773 1275 2839 nihilo
1315 2773 1564 2838 habere.
1645 2775 1839 2838 Estne
1882 2794 2090 2858 grave,
2140 2774 2389 2858 ingenio
2439 2781 2680 2843 tantum

344 2872 727 2935 concedere?
749 2871 787 2954 '‘)

499 2970 585 3030 At
624 2965 743 3046 ipsi
784 2964 1198 3030 Athenienses
1238 2963 1499 3029 fortasse
1541 2984 1668 3028 non
1708 2982 1907 3049 aeque
1945 2962 2257 3042 tulerunt,
2298 2964 2559 3031 fortasse
2600 3003 2679 3014 -—

344 3081 485 3125 nam
540 3060 817 3146 quamvis
868 3059 1346 3124 incertissimum
1397 3058 1506 3137 sit,
1558 3058 1811 3124 minime
1862 3065 2074 3124 tamen
2124 3060 2305 3146 plane
2345 3060 2677 3127 refutatum

344 3164 443 3221 est
470 3191 550 3203 —-
583 3175 831 3219 causam
858 3154 916 3219 ei
945 3163 1276 3241 propterea
1306 3154 1636 3229 dixerunt?
1674 3153 2103 3218 Recordemur
2142 3153 2329 3237 igitur
2345 3156 2677 3222 verborum

343 3251 588 3317 illorum
651 3271 811 3336 quae
863 3249 1107 3335 egregie
1168 3250 1246 3315 ab
1295 3248 1601 3334 Aeschylo
1665 3247 1827 3312 diota
1874 3247 2189 3314 seruntur:
2249 3251 2556 3335 „tempori
2610 3274 2678 3318 se

343 3346 689 3431 tragoedias
731 3366 876 3411 suas
917 3366 1279 3412 conservare
1291 3350 1349 3423 ‚⁸⁶
1399 3343 1820 3431 faciamusque
1870 3365 1948 3408 ne
1999 3364 2143 3430 spes
2193 3365 2338 3411 eum
2387 3346 2677 3413 fefellisse

341 3441 621 3507 videatur
661 3443 831 3517 „fore
872 3447 945 3506 ut
983 3448 1231 3527 tempus
1272 3439 1551 3506 debitum
1594 3440 1711 3526 ipsi
1740 3439 2044 3507 honorem
2079 3440 2417 3507 concedat“
2459 3442 2680 3526 (Athe-

344 3558 536 3603 naeus
577 3542 634 3614 8,
675 3540 809 3601 347.
850 3535 941 3622 F.)
982 3537 1049 3621 ”)

500 3633 789 3695 Titanum
832 3639 988 3717 quot
1027 3631 1258 3698 fuerint
1297 3630 1360 3696 in
1401 3628 1781 3696 Prometheo
1824 3631 2028 3696 soluto
2068 3632 2168 3697 vix
2210 3630 2485 3695 dixerim.
2549 3633 2675 3698 Fa—

345 3727 458 3791 cile
526 3726 838 3812 vulgarem
909 3726 1269 3809 opinionem
1330 3726 1406 3791 ad
1468 3726 1789 3792 solennem
1851 3725 2285 3792 choreutarum
2349 3747 2675 3796 numerum

485 4017 542 4076 *J
589 4026 756 4070 Grave
810 4039 907 4075 non
964 4031 1038 4074 est
1095 4028 1258 4076 visum
1311 4027 1636 4075 Lobeckio
1691 4026 1802 4073 viro
1856 4025 2135 4072 clarissimo
2184 4048 2250 4058 —
2298 4028 2462 4088 „sine
2508 4030 2671 4088 dubio,

343 4095 523 4153 inquit,
579 4096 785 4142 liberum
837 4097 954 4155 fuit,
1009 4104 1129 4152 quot
1190 4099 1307 4152 quis
1360 4100 1513 4145 vellet
1566 4098 1794 4155 Gratias,
1849 4099 2039 4155 Horas,
2104 4100 2279 4145 Musas
2338 4098 2675 4158 introducere;

342 4176 638 4221 quamquam
673 4167 941 4213 ternarium
977 4177 1230 4213 numerum
1276 4170 1456 4223 poetae
1502 4174 1551 4214 et
1588 4169 1782 4214 lictores
1819 4171 2109 4226 tenuerunt,
2155 4173 2205 4214 ut
2254 4169 2496 4222 colloquio
2543 4174 2674 4216 stru·

343 4239 468 4282 endo
505 4242 553 4282 et
588 4238 740 4282 rebus
775 4237 979 4292 agendis
1015 4232 1375 4292 anthelmum&
1444 4239 1782 4298 Aglaopham
1815 4249 1895 4292 με.
1935 4240 2019 4285 ei.

483 4299 564 4364 '”)
600 4308 699 4354 Sed
734 4306 996 4353 audaciam
1030 4307 1209 4354 nemini
1234 4310 1537 4364 persuadere
1561 4319 1843 4365 possumus.
1898 4311 2046 4356 Modo
2080 4319 2144 4353 ne
2180 4307 2292 4363 quis
2328 4318 2438 4352 cum
2474 4308 2672 4356 Lach-

345 4387 561 4422 manno
605 4377 752 4424 simui
785 4377 990 4432 majoris
1035 4379 1279 4425 audaciae
1313 4378 1532 4432 speciem
1565 4389 1689 4435 prae
1725 4390 1783 4424 se
1818 4378 1961 4426 ferat.
2034 4381 2160 4424 Nam
2202 4376 2247 4423 si
2284 4376 2549 4431 rejicienda
2584 4390 2671 4424 no-

343 4450 452 4493 stra
496 4448 740 4494 sententia
781 4448 975 4495 cautior
1017 4448 1127 4503 quis
1174 4448 1330 4495 videri
1366 4448 1513 4507 velit,
1559 4449 1799 4503 quomodo
1832 4450 2122 4503 Aeschylus
2160 4446 2380 4494 offensae
2415 4447 2669 4505 religionis

343 4516 530 4563 crimen
562 4518 839 4580 evitaverit,
877 4531 946 4568 se
981 4517 1236 4568 nescire
1273 4517 1554 4566 fateatur
1588 4530 1798 4569 necesse
1833 4524 1927 4566 est.
