2978 4869
1299 214 1742 279 ...30-

357 383 703 450 excussisse
741 402 1107 465 persuasum
1158 382 1421 450 habeat?
1507 385 1788 450 Audisne
1839 404 1984 450 eum
2033 384 2277 452 fortiter
2325 404 2687 452 asseveran-

357 487 481 545 tem
525 478 677 543 haec
717 499 843 544 non
885 499 1073 561 posse
1115 501 1239 545 non
1283 480 1360 545 ad
1410 480 1619 547 locum
1656 483 1854 547 istum
1906 482 1970 546 in
2021 480 2410 568 Cho‘ephoris
2457 480 2689 545 referri.

359 579 448 640 At
486 596 566 639 ne
610 593 888 660 unquam
931 576 1303 641 asseveratio
1346 598 1507 662 quae
1549 577 1613 642 in
1652 555 1872 643 verbis
1894 584 2136 643 tantum
2176 584 2458 644 versatur
2496 576 2692 661 magis

356 691 543 756 quam
585 670 1049 748 demonstratio,
1092 692 1253 758 quae
1293 673 1641 738 rationibus
1684 674 2070 749 continetur,
2120 695 2236 738 nos
2278 679 2539 750 moveat,
2581 692 2690 737 ca-

353 765 617 833 vendum
661 773 772 832 est.
854 770 1085 831 Annon
1125 768 1228 832 alii
1271 769 1455 835 etiam
1498 776 1721 855 po‘etae
1762 770 1997 856 tragici,
2037 769 2399 834 imitationis
2426 766 2689 849 fortasse

355 861 563 927 studio
614 862 812 939 ducti,
866 862 1088 928 Furias
1141 866 1381 944 afferre,
1430 886 1641 931 annon
1692 885 1769 929 ex
1811 886 1960 931 orco
2002 864 2181 951 quasi
2224 885 2329 930 eas
2370 882 2690 928 accersere

350 959 732 1040 potuerunt?
812 957 1063 1024 Scilicet
1117 962 1470 1046 tragoediae
1530 968 1808 1028 veterum
1870 960 1948 1024 ad
1994 982 2184 1026 unam
2243 980 2461 1025 omnes
2519 958 2690 1024 inte-

353 1072 497 1137 grae
547 1053 624 1117 ad
675 1074 791 1118 nos
842 1064 1275 1140 pervenerunt.
1297 1058 1340 1139 *)
1422 1055 1548 1122 Sed
1601 1056 2104 1121 Hermannum
2153 1055 2305 1121 mihi
2356 1063 2689 1138 patronum

352 1168 559 1222 sumo:
611 1148 665 1214 is
714 1170 829 1235 pro
872 1171 971 1215 me
1014 1171 1262 1216 causam
1304 1151 1510 1216 dicere
1553 1150 1865 1237 suscipiat.
1945 1152 2072 1217 En:
2125 1150 2332 1218 locum
2384 1152 2564 1215 affert
2611 1169 2690 1214 ex

350 1243 535 1309 Pluto
574 1244 1006 1327 Aristophanis
1049 1244 1121 1329 (v.
1163 1245 1300 1330 423)
1343 1266 1486 1310 cum
1531 1245 1720 1312 schol.
1764 1267 1891 1333 quo
1932 1247 2153 1313 Furias
2204 1247 2280 1311 ab
2322 1246 2458 1310 aliis
2499 1246 2690 1311 etiam

352 1340 554 1425 poetis
603 1340 769 1405 inter
818 1340 1181 1425 tragoediae
1232 1362 1534 1426 personas
1584 1342 1819 1428 positas
1871 1341 2065 1408 fuisse
2108 1341 2425 1409 evincitur.
2508 1341 2691 1419 Quae

354 1457 546 1521 quum
591 1436 674 1500 ita
716 1434 858 1515 sint,
901 1436 952 1500 si
996 1443 1275 1502 ceterum
1318 1437 1394 1502 de
1436 1437 1796 1503 Muelleri
1839 1437 2135 1522 opinione
2177 1444 2518 1514 constaret,
2568 1436 2689 1501 hoc

350 1530 617 1595 libenter
665 1552 1021 1599 careremus
1072 1534 1430 1599 testimonio
1497 1541 1785 1605 externo;
1848 1552 2014 1596 nunc
2073 1552 2249 1608 vero,
2309 1553 2504 1618 quum
2557 1531 2686 1616 jam

348 1647 465 1711 per
504 1647 571 1691 se
614 1627 828 1708 opinio
871 1629 974 1693 illa
1016 1628 1095 1693 sit
1135 1627 1461 1705 labefacta,
1511 1627 1629 1692 hoc
1672 1626 1927 1692 omnino
1968 1627 2046 1691 ad
2086 1625 2327 1711 irritum
2368 1625 2690 1692 reducitur

346 1721 725 1786 testimonio.

507 1818 727 1903 Itaque
769 1817 968 1885 victor
1006 1818 1332 1907 hucusque
1372 1821 1838 1885 Hermannus
1880 1840 1959 1884 ex
1998 1818 2237 1904 proelio
2278 1816 2444 1882 abiit.
2513 1815 2690 1881 Licet

348 1933 496 1981 vero
546 1914 716 1999 quod
767 1936 1152 1981 summorum
1201 1915 1479 1983 virorum
1531 1915 1709 2000 quasi
1759 1913 2062 1979 arbitrum
2111 1934 2212 1978 me
2254 1911 2689 1998 praestiterim,

347 2009 412 2074 id
452 2030 710 2075 censeas
752 2011 1138 2095 arrogantius
1180 2011 1434 2076 omnino
1477 2032 1579 2075 me
1633 2009 1782 2075 mihi
1836 2008 2206 2094 sumpsisse,
2256 2014 2466 2072 tamen
2509 2006 2688 2093 judi-

352 2106 515 2169 canti
555 2105 729 2183 mihi,
770 2113 939 2171 recte
979 2106 1424 2172 Muellerum
1476 2105 1890 2192 praesentiam
1931 2105 2259 2169 Furiarum
2300 2103 2381 2168 oh
2423 2102 2687 2169 similem

349 2220 565 2265 earum
615 2201 680 2264 in
729 2200 912 2264 Eum.
965 2207 1030 2264 et
1078 2200 1140 2265 in
1183 2200 1460 2288 Cho‘eph.
1515 2200 1960 2279 conditionem,
2011 2198 2158 2264 huic
2207 2198 2392 2264 etiam
2433 2205 2688 2283 tragoe-

347 2296 485 2361 diae
534 2293 907 2372 vindicasse‚
968 2317 1096 2361 non
1153 2297 1385 2382 poteris
1439 2319 1570 2362 non
1622 2296 1927 2362 assentiri.
2015 2293 2355 2380 Aeschylus
2417 2293 2583 2357 enim
2634 2291 2687 2359 si

346 2391 539 2460 furias
590 2413 717 2458 non
768 2397 1009 2458 tantum
1062 2390 1126 2458 in
1178 2392 1385 2459 animo
1437 2393 1720 2459 insedere
1763 2393 1870 2458 sed
1914 2390 2202 2458 sensibus
2245 2389 2430 2455 etiam
2471 2410 2542 2455 se
2586 2388 2686 2455 of-

344 2488 503 2555 ferre
553 2490 747 2554 semel
795 2496 892 2554 est
939 2489 1288 2575 professu8‚
1340 2490 1448 2576 qui
1502 2490 1637 2555 fieri
1692 2488 1899 2575 potuit
1947 2495 2021 2553 ut
2061 2509 2190 2552 non
2233 2507 2479 2572 semper
2518 2485 2686 2551 idem

344 2586 629 2670 putaret?
717 2585 861 2650 Scio
925 2585 1177 2671 quidem
1239 2607 1365 2650 non
1430 2606 1569 2649 esse
1630 2604 1766 2648 eam
1830 2581 2236 2648 Hermanni
2298 2582 2686 2658 sententiam,

346 2700 535 2766 quam
574 2679 724 2745 vitio
766 2679 825 2742 ei
866 2680 1022 2746 verti
1064 2701 1100 2744 a
1141 2680 1515 2766 quibusdam
1557 2698 1739 2764 aegre
1779 2677 1923 2756 tuli,
1975 2677 2039 2742 in
2082 2676 2470 2763 Cho‘ephoris
2513 2675 2686 2742 scili-

347 2782 451 2841 cet
487 2775 609 2842 vim
651 2795 904 2839 omnem
945 2775 1243 2841 furiarum
1285 2777 1362 2841 ab
1404 2774 1713 2861 Aeschylo
1754 2774 1819 2838 in
1848 2773 2095 2840 Orestis
2139 2771 2516 2839 conscientia
2557 2772 2685 2837 cri-

345 2871 531 2936 minis
574 2871 927 2956 nuperrime
970 2872 1285 2937 commissi
1333 2872 1604 2954 positam
1656 2892 1824 2949 esse,
1876 2869 1985 2934 sed
2040 2889 2119 2934 ne
2171 2868 2229 2933 ei
2281 2869 2537 2954 quidem
2577 2889 2687 2933 as·-

349 2967 560 3031 sentiri
621 2986 878 3051 possum
940 2986 1101 3052 quae
1166 2988 1380 3034 revera
1450 2974 1551 3031 est
1607 2962 2014 3031 Hermanni
2074 2963 2407 3038 sententia,
2477 2964 2687 3029 animo

346 3061 637 3128 Orestem
679 3081 752 3126 ea
795 3061 1237 3146 praesensisse,
1279 3083 1440 3148 quae
1495 3082 1640 3126 mox
1691 3067 1833 3126 ante
1885 3059 2101 3125 oculos
2152 3056 2476 3125 habiturus
2525 3059 2688 3124 fuis-

344 3166 457 3224 set.
548 3160 703 3226 Nam
759 3178 837 3222 ne
889 3156 1008 3223 hoc
1057 3157 1309 3244 quidem
1372 3178 1512 3223 cum
1575 3155 1715 3221 idea
1766 3155 2094 3221 Furiarum
2158 3175 2318 3241 quae
2378 3154 2443 3218 in
2501 3155 2692 3219 Eum:

345 3263 620 3340 apparet,
662 3253 962 3337 congruit.
1044 3255 1136 3318 Ea
1176 3253 1277 3319 hic
1319 3253 1596 3320 cernitur
1632 3251 1721 3318 vis
1763 3251 2128 3327 Furiarum,
2172 3257 2275 3326 ut,
2326 3250 2446 3315 nisi
2499 3271 2687 3336 prae-

346 3357 555 3414 sentes
606 3354 995 3434 peccatorem
1045 3357 1334 3432 urgeant,
1385 3349 1555 3414 nulla
1608 3347 1810 3429 possit
1864 3344 2192 3411 efficientia
2245 3366 2461 3411 earum
2511 3344 2686 3430 cogi-

342 3444 480 3510 tari.
564 3444 778 3524 Quare
829 3442 980 3529 quid
1027 3442 1346 3528 pulchrius
1388 3443 1485 3520 sit,
1529 3464 1655 3530 quo
1698 3442 1775 3508 de
1818 3443 1956 3508 loco
1999 3440 2311 3528 copiosior
2358 3448 2454 3507 est
2491 3442 2686 3506 Her-

344 3557 689 3616 mannuS,
752 3560 877 3604 non
939 3538 1296 3625 quaerimus
1320 3589 1337 3616 ‚
1404 3539 1525 3604 nisi
1585 3540 1756 3624 quod
1812 3559 1894 3602 ne
1954 3536 2472 3623 pulchritudinem
2537 3536 2686 3620 qui-

487 3745 547 3811 ⁴⁵)
588 3753 761 3799 Verba
795 3754 944 3800 etlam
979 3754 1201 3803 Pollucis
1238 3754 1311 3802 lta
1346 3758 1636 3810 comparata
1671 3763 1815 3812 esse,
1855 3757 1908 3798 ut
1944 3761 2034 3807 per
2059 3762 2120 3798 se
2164 3762 2264 3797 non
2298 3753 2423 3796 bene
2458 3749 2517 3794 de
2547 3753 2687 3795 certa

347 3838 522 3891 nuqua
556 3838 726 3889 fabula
760 3842 1097 3899 intelligantur
1130 3843 1246 3937 tensa
1285 3847 1336 3889 te
1371 3843 1579 3889 doceant
1619 3834 1729 3899 (lv.
1766 3831 1927 3897 nn:
1962 3824 2034 3882 τοὶ
2066 3824 2127 3882 δὲ
2162 3820 2579 3894 eivoeoeze'tmozw,
2622 3823 2685 3880 τὰ

346 3914 455 3982 μὲν
489 3907 640 3968 ἔστιν
674 3908 737 3969 ἓν
768 3917 833 3986 τῆ
869 3917 1046 3987 σκηνῆ
1057 3959 1074 3989 ,
1119 3942 1183 3983 ως
1215 3916 1466 4023 ποταμὸν
1512 3911 1782 3979 ἀνελθεῖν
1816 3940 1849 3984 ¹¹2
1883 3939 1933 3969 τι
1978 3912 2238 3970 τοιοῦτον
2272 3906 2578 3984 redemtum
2622 3909 2686 3967 τὰ

349 3998 409 4057 δε
451 3997 568 4073 περὶ
612 4023 745 4066 τους
779 3996 1195 4077 οἶναβαδμους,
1231 3999 1335 4079 ἀφ’
1372 4027 1442 4059 ων
1477 3997 1786 4070 οἷ’νέβαινον
1839 4001 2085 4075 Ερινύες.
2180 4013 2516 4067 tmpertectum
2552 4009 2684 4056 enlm

348 4082 656 4155 ἀνέβαινον
708 4105 881 4155 aperte
917 4104 1083 4151 verbls
1136 4106 1402 4159 respondet
1460 4100 1862 4148 antecedentibus
1916 4113 1979 4154 ως
2018 4122 2080 4133 -
2119 4081 2404 4161 πρόσωπον
2439 4099 2684 4150 habetque

347 4176 606 4224 utrumque
625 4170 695 4217 rel
723 4172 927 4227 saepius
956 4174 1195 4228 repetitae
1214 4173 1642 4231 significationem.
1670 4193 1742 4203 —
1777 4170 1897 4226 Quis
1933 4182 2054 4217 vero
2090 4190 2162 4201 —
2199 4175 2251 4215 ut
2286 4172 2379 4214 hoc
2416 4167 2562 4213 etiam
2598 4167 2684 4212 ad-

349 4242 461 4286 dam
497 4260 568 4271 -
604 4244 666 4288 ad
703 4245 834 4289 hane
868 4252 1015 4290 unam
1051 4244 1269 4292 fabulam
1306 4249 1549 4292 theatrum
1590 4246 1686 4289 hoc
1728 4242 1871 4288 modo
1916 4241 2206 4287 lnstructum
2254 4238 2412 4284 fulsse
2475 4237 2683 4282 credat?

350 4329 420 4343 -·
472 4311 700 4358 Ceterum
734 4334 805 4344 —-·
839 4320 893 4359 ut
938 4324 1062 4360 vere
1096 4315 1254 4362 dicam
1290 4336 1358 4347 —
1394 4321 1558 4361 utrum
1609 4314 1963 4360 Muellerus
2000 4313 2060 4359 de
2095 4322 2199 4358 una
2233 4315 2420 4357 tantum
2462 4308 2682 4361 cnoepn.

353 4380 523 4425 rabula
566 4392 630 4427 an
680 4383 796 4431 alils
840 4396 937 4432 non
994 4385 1217 4433 exclusls
1264 4388 1324 4432 de
1377 4389 1473 4432 hac
1520 4384 1667 4432 etlam
1713 4385 1965 4432 Pollucem
2019 4382 2270 4440 cogltasse
2315 4379 2541 4435 opinetur
2585 4387 2683 4421 non

348 4449 542 4495 omnino
585 4452 750 4507 liquet.
