<?xml version="1.0" encoding="UTF-8"?>
<!DOCTYPE html PUBLIC "-//W3C//DTD XHTML 1.0 Transitional//EN"
    "http://www.w3.org/TR/xhtml1/DTD/xhtml1-transitional.dtd">
<html xmlns="http://www.w3.org/1999/xhtml" xml:lang="en" lang="en">
 <head>
  <title>
</title>
<meta http-equiv="Content-Type" content="text/html;charset=utf-8" />
  <meta name='ocr-system' content='tesseract 3.04.00' />
  <meta name='ocr-capabilities' content='ocr_page ocr_carea ocr_par ocr_line ocrx_word'/>
</head>
<body>
  <div class='ocr_page' id='page_1' title='image "./dererumdivinaru00haymgoog_0028.png"; bbox 0 0 2978 4869; ppageno 0'>
   <div class='ocr_carea' id='block_1_1' title="bbox 1358 219 1792 291">
    <p class='ocr_par' dir='ltr' id='par_1_1' title="bbox 1358 219 1792 291">
     <span class='ocr_line' id='line_1_1' title="bbox 1358 219 1792 291; baseline 0.021 -9"><span class='ocrx_word' id='word_1_1' title='bbox 1358 219 1792 291; x_wconf 61' lang='lat'><strong>—20—</strong></span> 
     </span>
    </p>
   </div>
   <div class='ocr_carea' id='block_1_2' title="bbox 327 379 2800 4106">
    <p class='ocr_par' dir='ltr' id='par_1_2' title="bbox 409 379 2750 569">
     <span class='ocr_line' id='line_1_2' title="bbox 409 379 2750 478; baseline 0.006 -31"><span class='ocrx_word' id='word_1_2' title='bbox 409 379 685 466; x_wconf 70' lang='grc' dir='ltr'><strong><em>Ἷεςιεὶαις</em></strong></span> <span class='ocrx_word' id='word_1_3' title='bbox 738 384 858 450; x_wconf 78' lang='grc' dir='ltr'><strong>καὶ</strong></span> <span class='ocrx_word' id='word_1_4' title='bbox 901 384 977 450; x_wconf 71' lang='grc' dir='ltr'><strong>ἐν</strong></span> <span class='ocrx_word' id='word_1_5' title='bbox 1019 383 1287 471; x_wconf 66' lang='grc' dir='ltr'>Σισύφῳ</span> <span class='ocrx_word' id='word_1_6' title='bbox 1329 395 1798 477; x_wconf 62' lang='grc' dir='ltr'><strong>πετροπὸυλιοτῇ</strong></span> <span class='ocrx_word' id='word_1_7' title='bbox 1837 388 1958 455; x_wconf 78' lang='grc' dir='ltr'><strong>καὶ</strong></span> <span class='ocrx_word' id='word_1_8' title='bbox 2001 390 2080 456; x_wconf 72' lang='grc' dir='ltr'><strong>ἐν</strong></span> <span class='ocrx_word' id='word_1_9' title='bbox 2115 391 2468 478; x_wconf 72' lang='grc' dir='ltr'><em>Ἰφιγενείᾳ</em></span> <span class='ocrx_word' id='word_1_10' title='bbox 2498 397 2618 461; x_wconf 73' lang='grc' dir='ltr'><strong>καὶ</strong></span> <span class='ocrx_word' id='word_1_11' title='bbox 2671 398 2750 462; x_wconf 63' lang='grc' dir='ltr'><strong>ὃν</strong></span> 
     </span>
     <span class='ocr_line' id='line_1_3' title="bbox 418 477 796 569; baseline 0.005 -24"><span class='ocrx_word' id='word_1_12' title='bbox 418 477 707 545; x_wconf 69' lang='grc' dir='ltr'><strong>Οἰδίποδι</strong></span> <span class='ocrx_word' id='word_1_13' title='bbox 725 485 796 569; x_wconf 81' lang='grc'><strong>*).</strong></span> 
     </span>
    </p>

    <p class='ocr_par' dir='ltr' id='par_1_3' title="bbox 577 574 2751 667">
     <span class='ocr_line' id='line_1_4' title="bbox 577 574 2751 667; baseline 0.006 -28"><span class='ocrx_word' id='word_1_14' title='bbox 577 574 759 653; x_wconf 84' lang='lat' dir='ltr'><strong>Quae</strong></span> <span class='ocrx_word' id='word_1_15' title='bbox 800 595 995 662; x_wconf 88' lang='lat' dir='ltr'><strong>quum</strong></span> <span class='ocrx_word' id='word_1_16' title='bbox 1035 576 1193 642; x_wconf 88' lang='lat' dir='ltr'><strong>lucis</strong></span> <span class='ocrx_word' id='word_1_17' title='bbox 1232 577 1383 642; x_wconf 90' lang='lat' dir='ltr'><strong>nihil</strong></span> <span class='ocrx_word' id='word_1_18' title='bbox 1424 579 1700 658; x_wconf 88' lang='lat' dir='ltr'><strong>afferant,</strong></span> <span class='ocrx_word' id='word_1_19' title='bbox 1742 600 1818 645; x_wconf 91' lang='lat' dir='ltr'><strong>eo</strong></span> <span class='ocrx_word' id='word_1_20' title='bbox 1853 579 1989 665; x_wconf 93' lang='lat' dir='ltr'><strong>ipso</strong></span> <span class='ocrx_word' id='word_1_21' title='bbox 2018 580 2480 667; x_wconf 86' lang='lat' dir='ltr'><strong>quodammodo</strong></span> <span class='ocrx_word' id='word_1_22' title='bbox 2507 586 2751 660; x_wconf 82' lang='lat' dir='ltr'><strong>docent,</strong></span> 
     </span>
    </p>

    <p class='ocr_par' dir='ltr' id='par_1_4' title="bbox 380 670 2800 2671">
     <span class='ocr_line' id='line_1_5' title="bbox 416 670 2751 763; baseline 0.005 -28"><span class='ocrx_word' id='word_1_23' title='bbox 416 691 545 735; x_wconf 86' lang='lat' dir='ltr'><strong>non</strong></span> <span class='ocrx_word' id='word_1_24' title='bbox 586 671 793 756; x_wconf 88' lang='lat' dir='ltr'><strong>magni</strong></span> <span class='ocrx_word' id='word_1_25' title='bbox 831 672 1129 739; x_wconf 82' lang='lat' dir='ltr'><strong>momenti</strong></span> <span class='ocrx_word' id='word_1_26' title='bbox 1169 670 1361 739; x_wconf 79' lang='lat' dir='ltr'><strong>fuisse</strong></span> <span class='ocrx_word' id='word_1_27' title='bbox 1404 695 1565 760; x_wconf 87' lang='lat' dir='ltr'><strong>quae</strong></span> <span class='ocrx_word' id='word_1_28' title='bbox 1606 676 1914 761; x_wconf 76' lang='lat' dir='ltr'><strong>mysteriis</strong></span> <span class='ocrx_word' id='word_1_29' title='bbox 1938 675 2281 763; x_wconf 75' lang='lat' dir='ltr'><strong>Aeschylus</strong></span> <span class='ocrx_word' id='word_1_30' title='bbox 2318 678 2609 745; x_wconf 77' lang='lat' dir='ltr'>debuisse</span> <span class='ocrx_word' id='word_1_31' title='bbox 2649 680 2751 745; x_wconf 83' lang='lat' dir='ltr'><strong>di·—</strong></span> 
     </span>
     <span class='ocr_line' id='line_1_6' title="bbox 415 767 2752 862; baseline 0.004 -30"><span class='ocrx_word' id='word_1_32' title='bbox 415 767 593 835; x_wconf 87' lang='lat' dir='ltr'><strong>citur.</strong></span> <span class='ocrx_word' id='word_1_33' title='bbox 675 769 804 836; x_wconf 82' lang='lat' dir='ltr'><strong>Nec</strong></span> <span class='ocrx_word' id='word_1_34' title='bbox 844 767 1180 835; x_wconf 87' lang='lat' dir='ltr'><strong>dolendum</strong></span> <span class='ocrx_word' id='word_1_35' title='bbox 1224 777 1350 847; x_wconf 90' lang='lat' dir='ltr'><strong>est,</strong></span> <span class='ocrx_word' id='word_1_36' title='bbox 1399 770 1568 856; x_wconf 87' lang='lat' dir='ltr'><strong>quod</strong></span> <span class='ocrx_word' id='word_1_37' title='bbox 1618 792 1781 857; x_wconf 89' lang='lat' dir='ltr'><strong>quae</strong></span> <span class='ocrx_word' id='word_1_38' title='bbox 1833 779 1899 838; x_wconf 84' lang='lat' dir='ltr'><strong>et</strong></span> <span class='ocrx_word' id='word_1_39' title='bbox 1945 773 2053 839; x_wconf 89' lang='lat' dir='ltr'><strong>ubi</strong></span> <span class='ocrx_word' id='word_1_40' title='bbox 2106 772 2335 840; x_wconf 86' lang='lat' dir='ltr'><strong>suerint</strong></span> <span class='ocrx_word' id='word_1_41' title='bbox 2386 797 2462 841; x_wconf 88' lang='lat' dir='ltr'><strong>ea</strong></span> <span class='ocrx_word' id='word_1_42' title='bbox 2499 772 2752 862; x_wconf 84' lang='lat' dir='ltr'><strong>ignora-</strong></span> 
     </span>
     <span class='ocr_line' id='line_1_7' title="bbox 380 856 2750 956; baseline 0.004 -28"><span class='ocrx_word' id='word_1_43' title='bbox 380 883 577 953; x_wconf 18' lang='lat' dir='ltr'><strong>lmus.</strong></span> <span class='ocrx_word' id='word_1_44' title='bbox 658 865 774 928; x_wconf 87' lang='lat' dir='ltr'><strong>Est</strong></span> <span class='ocrx_word' id='word_1_45' title='bbox 814 883 963 929; x_wconf 88' lang='lat' dir='ltr'><strong>sane</strong></span> <span class='ocrx_word' id='word_1_46' title='bbox 1002 872 1134 931; x_wconf 88' lang='lat' dir='ltr'><strong>tota</strong></span> <span class='ocrx_word' id='word_1_47' title='bbox 1160 856 1444 953; x_wconf 76' lang='lat' dir='ltr'><strong>Aeschyli</strong></span> <span class='ocrx_word' id='word_1_48' title='bbox 1487 866 1698 951; x_wconf 74' lang='lat' dir='ltr'><strong>poesis</strong></span> <span class='ocrx_word' id='word_1_49' title='bbox 1740 870 1916 954; x_wconf 86' lang='lat' dir='ltr'><strong>quasi</strong></span> <span class='ocrx_word' id='word_1_50' title='bbox 1962 870 2196 935; x_wconf 82' lang='lat' dir='ltr'>crimen</span> <span class='ocrx_word' id='word_1_51' title='bbox 2237 871 2552 956; x_wconf 78' lang='lat' dir='ltr'><strong>quoddam</strong></span> <span class='ocrx_word' id='word_1_52' title='bbox 2593 893 2750 938; x_wconf 86' lang='lat' dir='ltr'><strong>con-</strong></span> 
     </span>
     <span class='ocr_line' id='line_1_8' title="bbox 416 957 2752 1048; baseline 0.005 -25"><span class='ocrx_word' id='word_1_53' title='bbox 416 966 513 1024; x_wconf 83' lang='lat' dir='ltr'><strong>tra</strong></span> <span class='ocrx_word' id='word_1_54' title='bbox 571 957 866 1045; x_wconf 84' lang='lat' dir='ltr'><strong>mysteria</strong></span> <span class='ocrx_word' id='word_1_55' title='bbox 925 961 1346 1028; x_wconf 87' lang='lat' dir='ltr'><strong>commissum.</strong></span> <span class='ocrx_word' id='word_1_56' title='bbox 1438 963 1612 1027; x_wconf 86' lang='lat' dir='ltr'><strong>Haec</strong></span> <span class='ocrx_word' id='word_1_57' title='bbox 1673 963 1840 1028; x_wconf 89' lang='lat' dir='ltr'><strong>enim</strong></span> <span class='ocrx_word' id='word_1_58' title='bbox 1892 982 2089 1048; x_wconf 88' lang='lat' dir='ltr'><strong>quum</strong></span> <span class='ocrx_word' id='word_1_59' title='bbox 2149 964 2278 1030; x_wconf 91' lang='lat' dir='ltr'><strong>sint</strong></span> <span class='ocrx_word' id='word_1_60' title='bbox 2338 975 2606 1046; x_wconf 86' lang='lat' dir='ltr'><strong>secreta,</strong></span> <span class='ocrx_word' id='word_1_61' title='bbox 2664 967 2752 1033; x_wconf 88' lang='lat' dir='ltr'><strong>ti·-</strong></span> 
     </span>
     <span class='ocr_line' id='line_1_9' title="bbox 412 1055 2755 1150; baseline 0.005 -31"><span class='ocrx_word' id='word_1_62' title='bbox 412 1062 749 1141; x_wconf 78' lang='lat' dir='ltr'><strong>meantque</strong></span> <span class='ocrx_word' id='word_1_63' title='bbox 799 1058 881 1120; x_wconf 86' lang='lat' dir='ltr'><strong>ne</strong></span> <span class='ocrx_word' id='word_1_64' title='bbox 930 1056 996 1120; x_wconf 91' lang='lat' dir='ltr'><strong>in</strong></span> <span class='ocrx_word' id='word_1_65' title='bbox 1058 1055 1262 1123; x_wconf 89' lang='lat' dir='ltr'><strong>lucem</strong></span> <span class='ocrx_word' id='word_1_66' title='bbox 1310 1057 1663 1136; x_wconf 79' lang='lat' dir='ltr'><strong>trahantur,</strong></span> <span class='ocrx_word' id='word_1_67' title='bbox 1724 1066 1822 1124; x_wconf 88' lang='lat' dir='ltr'><strong>est</strong></span> <span class='ocrx_word' id='word_1_68' title='bbox 1879 1080 1953 1123; x_wconf 88' lang='lat' dir='ltr'><strong>ea</strong></span> <span class='ocrx_word' id='word_1_69' title='bbox 2014 1068 2231 1126; x_wconf 90' lang='lat' dir='ltr'><strong>contra</strong></span> <span class='ocrx_word' id='word_1_70' title='bbox 2286 1063 2530 1144; x_wconf 79' lang='lat' dir='ltr'><strong>po’esiS,</strong></span> <span class='ocrx_word' id='word_1_71' title='bbox 2592 1082 2755 1150; x_wconf 83' lang='lat' dir='ltr'><strong>quae</strong></span> 
     </span>
     <span class='ocr_line' id='line_1_10' title="bbox 413 1150 2755 1245; baseline 0.003 -29"><span class='ocrx_word' id='word_1_72' title='bbox 413 1150 831 1217; x_wconf 81' lang='lat' dir='ltr'><strong>secretissima</strong></span> <span class='ocrx_word' id='word_1_73' title='bbox 872 1172 1159 1237; x_wconf 83' lang='lat' dir='ltr'><strong>quaeque</strong></span> <span class='ocrx_word' id='word_1_74' title='bbox 1202 1160 1268 1217; x_wconf 88' lang='lat' dir='ltr'><strong>et</strong></span> <span class='ocrx_word' id='word_1_75' title='bbox 1308 1153 1696 1219; x_wconf 88' lang='lat' dir='ltr'><strong>sanctissima</strong></span> <span class='ocrx_word' id='word_1_76' title='bbox 1735 1154 1801 1219; x_wconf 90' lang='lat' dir='ltr'><strong>in</strong></span> <span class='ocrx_word' id='word_1_77' title='bbox 1841 1175 2091 1221; x_wconf 88' lang='lat' dir='ltr'><strong>scenam</strong></span> <span class='ocrx_word' id='word_1_78' title='bbox 2132 1158 2400 1224; x_wconf 84' lang='lat' dir='ltr'><strong>maxime</strong></span> <span class='ocrx_word' id='word_1_79' title='bbox 2434 1158 2755 1245; x_wconf 89' lang='lat' dir='ltr'><strong>producat.</strong></span> 
     </span>
     <span class='ocr_line' id='line_1_11' title="bbox 411 1246 2756 1338; baseline 0.003 -26"><span class='ocrx_word' id='word_1_80' title='bbox 411 1246 530 1312; x_wconf 88' lang='lat' dir='ltr'><strong>Est</strong></span> <span class='ocrx_word' id='word_1_81' title='bbox 567 1247 778 1334; x_wconf 70' lang='lat' dir='ltr'><strong>poesis</strong></span> <span class='ocrx_word' id='word_1_82' title='bbox 820 1247 1091 1312; x_wconf 78' lang='lat' dir='ltr'><strong>sanctior</strong></span> <span class='ocrx_word' id='word_1_83' title='bbox 1131 1247 1386 1313; x_wconf 88' lang='lat' dir='ltr'><strong>omnino</strong></span> <span class='ocrx_word' id='word_1_84' title='bbox 1428 1247 1616 1334; x_wconf 84' lang='lat' dir='ltr'><strong>quam</strong></span> <span class='ocrx_word' id='word_1_85' title='bbox 1658 1251 1951 1337; x_wconf 88' lang='lat' dir='ltr'><strong>mysteria</strong></span> <span class='ocrx_word' id='word_1_86' title='bbox 1989 1250 2093 1316; x_wconf 87' lang='lat' dir='ltr'><strong>illa</strong></span> <span class='ocrx_word' id='word_1_87' title='bbox 2143 1273 2413 1338; x_wconf 84' lang='lat' dir='ltr'><strong>quorum</strong></span> <span class='ocrx_word' id='word_1_88' title='bbox 2463 1254 2756 1320; x_wconf 85' lang='lat' dir='ltr'><strong>sanctitas</strong></span> 
     </span>
     <span class='ocr_line' id='line_1_12' title="bbox 412 1342 2755 1435; baseline 0.003 -29"><span class='ocrx_word' id='word_1_89' title='bbox 412 1342 536 1406; x_wconf 81' lang='lat' dir='ltr'><strong>nisi</strong></span> <span class='ocrx_word' id='word_1_90' title='bbox 602 1342 846 1407; x_wconf 89' lang='lat' dir='ltr'><strong>occulta</strong></span> <span class='ocrx_word' id='word_1_91' title='bbox 912 1342 1139 1408; x_wconf 84' lang='lat' dir='ltr'><strong>servari</strong></span> <span class='ocrx_word' id='word_1_92' title='bbox 1201 1365 1328 1408; x_wconf 90' lang='lat' dir='ltr'><strong>non</strong></span> <span class='ocrx_word' id='word_1_93' title='bbox 1388 1345 1612 1429; x_wconf 87' lang='lat' dir='ltr'><strong>potuit.</strong></span> <span class='ocrx_word' id='word_1_94' title='bbox 1710 1347 1852 1412; x_wconf 88' lang='lat' dir='ltr'><strong>Huc</strong></span> <span class='ocrx_word' id='word_1_95' title='bbox 1915 1368 2169 1434; x_wconf 90' lang='lat' dir='ltr'><strong>quoque</strong></span> <span class='ocrx_word' id='word_1_96' title='bbox 2232 1349 2394 1414; x_wconf 82' lang='lat' dir='ltr'><strong>redit</strong></span> <span class='ocrx_word' id='word_1_97' title='bbox 2453 1349 2755 1435; x_wconf 89' lang='lat' dir='ltr'><strong>Hegelii</strong></span> 
     </span>
     <span class='ocr_line' id='line_1_13' title="bbox 412 1434 2758 1532; baseline 0.004 -32"><span class='ocrx_word' id='word_1_98' title='bbox 412 1434 713 1521; x_wconf 87' lang='lat' dir='ltr'><strong>(Aesthet.</strong></span> <span class='ocrx_word' id='word_1_99' title='bbox 750 1438 844 1503; x_wconf 50' lang='grc' dir='ltr'><strong>ἱΙΙ.</strong></span> <span class='ocrx_word' id='word_1_100' title='bbox 893 1459 953 1523; x_wconf 90' lang='lat' dir='ltr'><strong>p.</strong></span> <span class='ocrx_word' id='word_1_101' title='bbox 1002 1442 1111 1518; x_wconf 89' lang='lat'><strong>58)</strong></span> <span class='ocrx_word' id='word_1_102' title='bbox 1162 1446 1228 1504; x_wconf 92' lang='lat' dir='ltr'><strong>et</strong></span> <span class='ocrx_word' id='word_1_103' title='bbox 1285 1440 1684 1532; x_wconf 73' lang='lat' dir='ltr'><strong>Droysenii</strong></span> <span class='ocrx_word' id='word_1_104' title='bbox 1739 1441 1795 1525; x_wconf 91' lang='lat' dir='ltr'><strong>(l.</strong></span> <span class='ocrx_word' id='word_1_105' title='bbox 1848 1441 1885 1505; x_wconf 94' lang='lat' dir='ltr'><strong>l.</strong></span> <span class='ocrx_word' id='word_1_106' title='bbox 1942 1464 2002 1526; x_wconf 88' lang='lat' dir='ltr'><strong>p.</strong></span> <span class='ocrx_word' id='word_1_107' title='bbox 2045 1445 2185 1528; x_wconf 79' lang='lat'>555)</span> <span class='ocrx_word' id='word_1_108' title='bbox 2236 1445 2578 1524; x_wconf 88' lang='lat' dir='ltr'><strong>sententia,</strong></span> <span class='ocrx_word' id='word_1_109' title='bbox 2634 1444 2758 1510; x_wconf 85' lang='lat' dir='ltr'><strong>nisi</strong></span> 
     </span>
     <span class='ocr_line' id='line_1_14' title="bbox 414 1531 2757 1624; baseline 0.003 -27"><span class='ocrx_word' id='word_1_110' title='bbox 414 1531 585 1618; x_wconf 87' lang='lat' dir='ltr'><strong>quod</strong></span> <span class='ocrx_word' id='word_1_111' title='bbox 637 1532 701 1597; x_wconf 91' lang='lat' dir='ltr'><strong>id</strong></span> <span class='ocrx_word' id='word_1_112' title='bbox 743 1532 843 1598; x_wconf 92' lang='lat' dir='ltr'><strong>ille</strong></span> <span class='ocrx_word' id='word_1_113' title='bbox 885 1534 1190 1621; x_wconf 77' lang='lat' dir='ltr'><strong>Aeschylo</strong></span> <span class='ocrx_word' id='word_1_114' title='bbox 1243 1535 1482 1600; x_wconf 86' lang='lat' dir='ltr'><strong>crimini</strong></span> <span class='ocrx_word' id='word_1_115' title='bbox 1538 1535 1750 1599; x_wconf 87' lang='lat' dir='ltr'><strong>datum</strong></span> <span class='ocrx_word' id='word_1_116' title='bbox 1797 1555 1938 1600; x_wconf 90' lang='lat' dir='ltr'><strong>esse</strong></span> <span class='ocrx_word' id='word_1_117' title='bbox 1987 1536 2141 1601; x_wconf 81' lang='lat' dir='ltr'><strong>falso</strong></span> <span class='ocrx_word' id='word_1_118' title='bbox 2181 1539 2535 1616; x_wconf 76' lang='lat' dir='ltr'><strong>contendit,</strong></span> <span class='ocrx_word' id='word_1_119' title='bbox 2589 1539 2757 1624; x_wconf 84' lang='lat' dir='ltr'><strong>quod</strong></span> 
     </span>
     <span class='ocr_line' id='line_1_15' title="bbox 411 1626 2753 1714; baseline 0.001 -21"><span class='ocrx_word' id='word_1_120' title='bbox 411 1626 602 1693; x_wconf 85' lang='lat' dir='ltr'><strong>filiam</strong></span> <span class='ocrx_word' id='word_1_121' title='bbox 633 1627 880 1694; x_wconf 89' lang='lat' dir='ltr'><strong>Cereris</strong></span> <span class='ocrx_word' id='word_1_122' title='bbox 921 1630 1184 1694; x_wconf 80' lang='lat' dir='ltr'><strong>Dianam</strong></span> <span class='ocrx_word' id='word_1_123' title='bbox 1227 1651 1366 1693; x_wconf 86' lang='lat' dir='ltr'><strong>esse</strong></span> <span class='ocrx_word' id='word_1_124' title='bbox 1408 1629 1686 1694; x_wconf 83' lang='lat' dir='ltr'><strong>dixisset.</strong></span> <span class='ocrx_word' id='word_1_125' title='bbox 1709 1628 1774 1713; x_wconf 76' lang='lat'><strong>&#39;‘*)</strong></span> <span class='ocrx_word' id='word_1_126' title='bbox 1860 1629 1955 1714; x_wconf 84' lang='lat' dir='ltr'><strong>(cf.</strong></span> <span class='ocrx_word' id='word_1_127' title='bbox 1983 1632 2218 1697; x_wconf 86' lang='lat' dir='ltr'><strong>Herod.</strong></span> <span class='ocrx_word' id='word_1_128' title='bbox 2259 1633 2336 1708; x_wconf 92' lang='lat'><strong>11,</strong></span> <span class='ocrx_word' id='word_1_129' title='bbox 2379 1639 2525 1705; x_wconf 85' lang='lat'>156;</span> <span class='ocrx_word' id='word_1_130' title='bbox 2566 1634 2753 1697; x_wconf 76' lang='lat' dir='ltr'><strong>PauS.</strong></span> 
     </span>
     <span class='ocr_line' id='line_1_16' title="bbox 412 1723 2756 1817; baseline 0.001 -28"><span class='ocrx_word' id='word_1_131' title='bbox 412 1729 473 1800; x_wconf 87' lang='lat'><strong>8,</strong></span> <span class='ocrx_word' id='word_1_132' title='bbox 522 1727 621 1800; x_wconf 89' lang='grc'><strong>37,</strong></span> <span class='ocrx_word' id='word_1_133' title='bbox 671 1723 749 1807; x_wconf 88' lang='grc'><strong>6.)</strong></span> <span class='ocrx_word' id='word_1_134' title='bbox 841 1724 1055 1789; x_wconf 79' lang='lat' dir='ltr'><strong>Placet</strong></span> <span class='ocrx_word' id='word_1_135' title='bbox 1103 1723 1274 1790; x_wconf 83' lang='lat' dir='ltr'><strong>valde</strong></span> <span class='ocrx_word' id='word_1_136' title='bbox 1338 1724 1611 1808; x_wconf 89' lang='lat' dir='ltr'><strong>denique</strong></span> <span class='ocrx_word' id='word_1_137' title='bbox 1671 1724 1843 1808; x_wconf 88' lang='lat' dir='ltr'><strong>quod</strong></span> <span class='ocrx_word' id='word_1_138' title='bbox 1902 1725 2222 1811; x_wconf 88' lang='lat' dir='ltr'><strong>ingeniose</strong></span> <span class='ocrx_word' id='word_1_139' title='bbox 2286 1726 2756 1817; x_wconf 19' lang='lat' dir='ltr'><strong>Schlegqelius</strong></span> 
     </span>
     <span class='ocr_line' id='line_1_17' title="bbox 413 1816 2758 1909; baseline 0.002 -27"><span class='ocrx_word' id='word_1_140' title='bbox 413 1816 598 1895; x_wconf 82' lang='lat' dir='ltr'><strong>dixit,</strong></span> <span class='ocrx_word' id='word_1_141' title='bbox 659 1825 995 1904; x_wconf 89' lang='lat' dir='ltr'><strong>propterea</strong></span> <span class='ocrx_word' id='word_1_142' title='bbox 1026 1817 1319 1885; x_wconf 81' lang='lat' dir='ltr'><strong>.fortasse</strong></span> <span class='ocrx_word' id='word_1_143' title='bbox 1368 1819 1433 1883; x_wconf 90' lang='lat' dir='ltr'><strong>in</strong></span> <span class='ocrx_word' id='word_1_144' title='bbox 1493 1818 1658 1885; x_wconf 88' lang='lat' dir='ltr'><strong>hunc</strong></span> <span class='ocrx_word' id='word_1_145' title='bbox 1716 1821 1976 1886; x_wconf 88' lang='lat' dir='ltr'><strong>modum</strong></span> <span class='ocrx_word' id='word_1_146' title='bbox 2027 1822 2400 1909; x_wconf 82' lang='lat' dir='ltr'><strong>Aeschylum</strong></span> <span class='ocrx_word' id='word_1_147' title='bbox 2462 1842 2758 1907; x_wconf 77' lang='lat' dir='ltr'><strong>peccasse</strong></span> 
     </span>
     <span class='ocr_line' id='line_1_18' title="bbox 416 1913 2760 2004; baseline 0.001 -25"><span class='ocrx_word' id='word_1_148' title='bbox 416 1913 589 2000; x_wconf 87' lang='lat' dir='ltr'><strong>quod</strong></span> <span class='ocrx_word' id='word_1_149' title='bbox 639 1913 776 1999; x_wconf 81' lang='lat' dir='ltr'><strong>ipsa</strong></span> <span class='ocrx_word' id='word_1_150' title='bbox 829 1914 1007 2001; x_wconf 70' lang='lat' dir='ltr'><strong>poesi</strong></span> <span class='ocrx_word' id='word_1_151' title='bbox 1060 1916 1244 1981; x_wconf 89' lang='lat' dir='ltr'><strong>simul</strong></span> <span class='ocrx_word' id='word_1_152' title='bbox 1296 1916 1373 1980; x_wconf 91' lang='lat' dir='ltr'><strong>ad</strong></span> <span class='ocrx_word' id='word_1_153' title='bbox 1421 1914 1717 2001; x_wconf 81' lang='lat' dir='ltr'><strong>mysteria</strong></span> <span class='ocrx_word' id='word_1_154' title='bbox 1767 1915 2000 1983; x_wconf 90' lang='lat' dir='ltr'><strong>aditum</strong></span> <span class='ocrx_word' id='word_1_155' title='bbox 2055 1917 2185 1983; x_wconf 89' lang='lat' dir='ltr'><strong>dari</strong></span> <span class='ocrx_word' id='word_1_156' title='bbox 2228 1936 2598 2004; x_wconf 85' lang='lat' dir='ltr'><strong>persuasum</strong></span> <span class='ocrx_word' id='word_1_157' title='bbox 2638 1916 2760 1981; x_wconf 89' lang='lat' dir='ltr'><strong>ha-</strong></span> 
     </span>
     <span class='ocr_line' id='line_1_19' title="bbox 413 2010 1339 2078; baseline -0.001 -2"><span class='ocrx_word' id='word_1_158' title='bbox 413 2010 670 2078; x_wconf 86' lang='lat' dir='ltr'><strong>buisset.</strong></span> <span class='ocrx_word' id='word_1_159' title='bbox 1328 2056 1339 2063; x_wconf 60' lang='grc'><strong>»</strong></span> 
     </span>
     <span class='ocr_line' id='line_1_20' title="bbox 576 2104 2760 2195; baseline 0.001 -24"><span class='ocrx_word' id='word_1_160' title='bbox 576 2106 793 2185; x_wconf 81' lang='lat' dir='ltr'><strong>Quare</strong></span> <span class='ocrx_word' id='word_1_161' title='bbox 837 2104 890 2171; x_wconf 91' lang='lat' dir='ltr'><strong>si</strong></span> <span class='ocrx_word' id='word_1_162' title='bbox 931 2105 1009 2171; x_wconf 91' lang='lat' dir='ltr'><strong>de</strong></span> <span class='ocrx_word' id='word_1_163' title='bbox 1052 2125 1294 2173; x_wconf 88' lang='lat' dir='ltr'><strong>summa</strong></span> <span class='ocrx_word' id='word_1_164' title='bbox 1333 2106 1545 2191; x_wconf 78' lang='lat' dir='ltr'><strong>po&#39;esis</strong></span> <span class='ocrx_word' id='word_1_165' title='bbox 1585 2108 1872 2195; x_wconf 82' lang='lat' dir='ltr'><strong>Aeschyli</strong></span> <span class='ocrx_word' id='word_1_166' title='bbox 1914 2109 2135 2193; x_wconf 88' lang='lat' dir='ltr'><strong>agitur,</strong></span> <span class='ocrx_word' id='word_1_167' title='bbox 2175 2129 2255 2173; x_wconf 93' lang='lat' dir='ltr'><strong>ne</strong></span> <span class='ocrx_word' id='word_1_168' title='bbox 2299 2108 2441 2194; x_wconf 90' lang='lat' dir='ltr'><strong>quis</strong></span> <span class='ocrx_word' id='word_1_169' title='bbox 2479 2129 2760 2194; x_wconf 88' lang='lat' dir='ltr'><strong>unquam</strong></span> 
     </span>
     <span class='ocr_line' id='line_1_21' title="bbox 415 2198 2800 2291; baseline 0.001 -24"><span class='ocrx_word' id='word_1_170' title='bbox 415 2221 555 2267; x_wconf 82' lang='lat' dir='ltr'><strong>eam</strong></span> <span class='ocrx_word' id='word_1_171' title='bbox 597 2208 708 2273; x_wconf 87' lang='lat' dir='ltr'><strong>aut</strong></span> <span class='ocrx_word' id='word_1_172' title='bbox 748 2220 826 2266; x_wconf 81' lang='lat' dir='ltr'><strong>ex</strong></span> <span class='ocrx_word' id='word_1_173' title='bbox 866 2201 1174 2287; x_wconf 85' lang='lat' dir='ltr'><strong>mysteriis</strong></span> <span class='ocrx_word' id='word_1_174' title='bbox 1217 2209 1327 2267; x_wconf 93' lang='lat' dir='ltr'><strong>aut</strong></span> <span class='ocrx_word' id='word_1_175' title='bbox 1367 2223 1447 2267; x_wconf 82' lang='lat' dir='ltr'><strong>ex</strong></span> <span class='ocrx_word' id='word_1_176' title='bbox 1484 2204 1806 2270; x_wconf 91' lang='lat' dir='ltr'><strong>recondita</strong></span> <span class='ocrx_word' id='word_1_177' title='bbox 1858 2204 1960 2270; x_wconf 90' lang='lat' dir='ltr'><strong>illa</strong></span> <span class='ocrx_word' id='word_1_178' title='bbox 2000 2203 2383 2290; x_wconf 78' lang='lat' dir='ltr'><strong>Pythagorae</strong></span> <span class='ocrx_word' id='word_1_179' title='bbox 2435 2198 2800 2291; x_wconf 55' lang='lat' dir='ltr'><strong>disciplina&#39;</strong></span> 
     </span>
     <span class='ocr_line' id='line_1_22' title="bbox 414 2296 2761 2386; baseline 0.001 -24"><span class='ocrx_word' id='word_1_180' title='bbox 414 2296 673 2362; x_wconf 86' lang='lat' dir='ltr'><strong>fluxisse</strong></span> <span class='ocrx_word' id='word_1_181' title='bbox 737 2296 918 2361; x_wconf 84' lang='lat' dir='ltr'><strong>dicat.</strong></span> <span class='ocrx_word' id='word_1_182' title='bbox 1009 2297 1126 2361; x_wconf 91' lang='lat' dir='ltr'><strong>Est</strong></span> <span class='ocrx_word' id='word_1_183' title='bbox 1185 2298 1505 2364; x_wconf 83' lang='lat' dir='ltr'><strong>verissima</strong></span> <span class='ocrx_word' id='word_1_184' title='bbox 1568 2309 1807 2379; x_wconf 90' lang='lat' dir='ltr'><strong>contra,</strong></span> <span class='ocrx_word' id='word_1_185' title='bbox 1870 2302 2057 2366; x_wconf 89' lang='lat' dir='ltr'><strong>modo</strong></span> <span class='ocrx_word' id='word_1_186' title='bbox 2120 2300 2171 2364; x_wconf 89' lang='lat' dir='ltr'><strong>si</strong></span> <span class='ocrx_word' id='word_1_187' title='bbox 2235 2320 2488 2365; x_wconf 89' lang='lat' dir='ltr'><strong>sensum</strong></span> <span class='ocrx_word' id='word_1_188' title='bbox 2548 2299 2761 2386; x_wconf 87' lang='lat' dir='ltr'><strong>potius</strong></span> 
     </span>
     <span class='ocr_line' id='line_1_23' title="bbox 413 2392 2761 2484; baseline 0.001 -26"><span class='ocrx_word' id='word_1_189' title='bbox 413 2410 603 2481; x_wconf 86' lang='lat' dir='ltr'><strong>quam</strong></span> <span class='ocrx_word' id='word_1_190' title='bbox 649 2392 837 2461; x_wconf 83' lang='lat' dir='ltr'><strong>verba</strong></span> <span class='ocrx_word' id='word_1_191' title='bbox 887 2394 1290 2479; x_wconf 64' lang='lat' dir='ltr'><strong>spectaretis,</strong></span> <span class='ocrx_word' id='word_1_192' title='bbox 1341 2394 1548 2461; x_wconf 86' lang='lat' dir='ltr'><strong>fabula</strong></span> <span class='ocrx_word' id='word_1_193' title='bbox 1597 2395 1715 2462; x_wconf 89' lang='lat' dir='ltr'><strong>ista</strong></span> <span class='ocrx_word' id='word_1_194' title='bbox 1761 2418 1948 2484; x_wconf 88' lang='lat' dir='ltr'><strong>quam</strong></span> <span class='ocrx_word' id='word_1_195' title='bbox 1990 2395 2332 2462; x_wconf 84' lang='lat' dir='ltr'><strong>Pausanias</strong></span> <span class='ocrx_word' id='word_1_196' title='bbox 2371 2394 2626 2461; x_wconf 86' lang='lat' dir='ltr'><strong>tradidit</strong></span> <span class='ocrx_word' id='word_1_197' title='bbox 2646 2395 2761 2480; x_wconf 63' lang='lat' dir='ltr'><strong>m),</strong></span> 
     </span>
     <span class='ocr_line' id='line_1_24' title="bbox 412 2490 2763 2579; baseline 0.002 -25"><span class='ocrx_word' id='word_1_198' title='bbox 412 2490 760 2576; x_wconf 84' lang='lat' dir='ltr'><strong>Dionysum</strong></span> <span class='ocrx_word' id='word_1_199' title='bbox 802 2490 1132 2556; x_wconf 89' lang='lat' dir='ltr'><strong>somnianti</strong></span> <span class='ocrx_word' id='word_1_200' title='bbox 1174 2491 1481 2579; x_wconf 87' lang='lat' dir='ltr'><strong>Aeschylo</strong></span> <span class='ocrx_word' id='word_1_201' title='bbox 1534 2493 1919 2579; x_wconf 87' lang='lat' dir='ltr'><strong>apparuisse,</strong></span> <span class='ocrx_word' id='word_1_202' title='bbox 1974 2492 2570 2578; x_wconf 87' lang='lat' dir='ltr'><strong>componendaeque</strong></span> <span class='ocrx_word' id='word_1_203' title='bbox 2624 2499 2763 2558; x_wconf 84' lang='lat' dir='ltr'><strong>tra-</strong></span> 
     </span>
     <span class='ocr_line' id='line_1_25' title="bbox 417 2586 2330 2671; baseline -0.001 -20"><span class='ocrx_word' id='word_1_204' title='bbox 417 2586 674 2671; x_wconf 86' lang='lat' dir='ltr'><strong>goediae</strong></span> <span class='ocrx_word' id='word_1_205' title='bbox 715 2593 1038 2652; x_wconf 86' lang='lat' dir='ltr'><strong>auctorem</strong></span> <span class='ocrx_word' id='word_1_206' title='bbox 1081 2587 1140 2652; x_wconf 91' lang='lat' dir='ltr'><strong>ei</strong></span> <span class='ocrx_word' id='word_1_207' title='bbox 1183 2587 1513 2651; x_wconf 83' lang='lat' dir='ltr'><strong>exstitisse.</strong></span> <span class='ocrx_word' id='word_1_208' title='bbox 2319 2651 2330 2658; x_wconf 66' lang='grc'>,</span> 
     </span>
    </p>

    <p class='ocr_par' dir='ltr' id='par_1_5' title="bbox 327 2681 2798 4106">
     <span class='ocr_line' id='line_1_26' title="bbox 576 2681 2764 2770; baseline 0.001 -24"><span class='ocrx_word' id='word_1_209' title='bbox 576 2682 810 2748; x_wconf 83' lang='lat' dir='ltr'><strong>Verum</strong></span> <span class='ocrx_word' id='word_1_210' title='bbox 861 2702 991 2745; x_wconf 82' lang='lat' dir='ltr'><strong>non</strong></span> <span class='ocrx_word' id='word_1_211' title='bbox 1039 2681 1118 2746; x_wconf 89' lang='lat' dir='ltr'><strong>de</strong></span> <span class='ocrx_word' id='word_1_212' title='bbox 1170 2682 1344 2746; x_wconf 88' lang='lat' dir='ltr'><strong>coelo</strong></span> <span class='ocrx_word' id='word_1_213' title='bbox 1398 2682 1717 2766; x_wconf 81' lang='lat' dir='ltr'><strong>ingenium</strong></span> <span class='ocrx_word' id='word_1_214' title='bbox 1757 2682 2045 2770; x_wconf 82' lang='lat' dir='ltr'><strong>Aeschyli</strong></span> <span class='ocrx_word' id='word_1_215' title='bbox 2096 2683 2418 2768; x_wconf 88' lang='lat' dir='ltr'><strong>delapsum</strong></span> <span class='ocrx_word' id='word_1_216' title='bbox 2460 2703 2599 2749; x_wconf 92' lang='lat' dir='ltr'><strong>esse</strong></span> <span class='ocrx_word' id='word_1_217' title='bbox 2641 2703 2764 2749; x_wconf 88' lang='lat' dir='ltr'><strong>vo·-</strong></span> 
     </span>
     <span class='ocr_line' id='line_1_27' title="bbox 418 2775 2766 2864; baseline 0.002 -22"><span class='ocrx_word' id='word_1_218' title='bbox 418 2775 648 2843; x_wconf 87' lang='lat' dir='ltr'><strong>lumus.</strong></span> <span class='ocrx_word' id='word_1_219' title='bbox 729 2775 1084 2843; x_wconf 81' lang='lat' dir='ltr'><strong>Procreavit</strong></span> <span class='ocrx_word' id='word_1_220' title='bbox 1132 2777 1439 2862; x_wconf 82' lang='lat' dir='ltr'><strong>profecte,</strong></span> <span class='ocrx_word' id='word_1_221' title='bbox 1488 2777 1743 2845; x_wconf 79' lang='lat' dir='ltr'><strong>nutrivit</strong></span> <span class='ocrx_word' id='word_1_222' title='bbox 1790 2787 1856 2843; x_wconf 80' lang='lat' dir='ltr'><strong>et</strong></span> <span class='ocrx_word' id='word_1_223' title='bbox 1903 2778 2187 2845; x_wconf 84' lang='lat' dir='ltr'><strong>educavit</strong></span> <span class='ocrx_word' id='word_1_224' title='bbox 2237 2786 2407 2844; x_wconf 89' lang='lat' dir='ltr'><strong>aetas</strong></span> <span class='ocrx_word' id='word_1_225' title='bbox 2449 2799 2596 2844; x_wconf 86' lang='lat' dir='ltr'><strong>eum</strong></span> <span class='ocrx_word' id='word_1_226' title='bbox 2634 2799 2766 2864; x_wconf 85' lang='lat' dir='ltr'><strong>qua</strong></span> 
     </span>
     <span class='ocr_line' id='line_1_28' title="bbox 327 2871 2765 2960; baseline 0 -18"><span class='ocrx_word' id='word_1_227' title='bbox 327 2937 332 2942; x_wconf 85' lang='lat'><strong>.</strong></span> <span class='ocrx_word' id='word_1_228' title='bbox 415 2871 568 2940; x_wconf 84' lang='lat' dir='ltr'><strong>vixit</strong></span> <span class='ocrx_word' id='word_1_229' title='bbox 604 2894 722 2937; x_wconf 84' lang='lat' dir='ltr'><strong>nec</strong></span> <span class='ocrx_word' id='word_1_230' title='bbox 762 2871 990 2958; x_wconf 82' lang='lat' dir='ltr'><strong>gratias</strong></span> <span class='ocrx_word' id='word_1_231' title='bbox 1034 2872 1093 2937; x_wconf 91' lang='lat' dir='ltr'><strong>ei</strong></span> <span class='ocrx_word' id='word_1_232' title='bbox 1134 2872 1476 2960; x_wconf 85' lang='lat' dir='ltr'><strong>Aeschylus</strong></span> <span class='ocrx_word' id='word_1_233' title='bbox 1530 2873 1652 2937; x_wconf 88' lang='lat' dir='ltr'><strong>nisi</strong></span> <span class='ocrx_word' id='word_1_234' title='bbox 1702 2895 1817 2959; x_wconf 89' lang='lat' dir='ltr'><strong>pro</strong></span> <span class='ocrx_word' id='word_1_235' title='bbox 1859 2875 2128 2960; x_wconf 88' lang='lat' dir='ltr'><strong>acceptis</strong></span> <span class='ocrx_word' id='word_1_236' title='bbox 2170 2874 2487 2940; x_wconf 88' lang='lat' dir='ltr'><strong>beneficiis</strong></span> <span class='ocrx_word' id='word_1_237' title='bbox 2527 2874 2765 2942; x_wconf 74' lang='lat' dir='ltr'><strong>retulit.</strong></span> 
     </span>
     <span class='ocr_line' id='line_1_29' title="bbox 421 2965 2766 3055; baseline 0.002 -24"><span class='ocrx_word' id='word_1_238' title='bbox 421 2967 638 3046; x_wconf 86' lang='lat' dir='ltr'><strong>Quare</strong></span> <span class='ocrx_word' id='word_1_239' title='bbox 700 2965 754 3032; x_wconf 87' lang='lat' dir='ltr'><strong>si</strong></span> <span class='ocrx_word' id='word_1_240' title='bbox 817 2968 1222 3051; x_wconf 88' lang='lat' dir='ltr'><strong>generatim</strong></span> <span class='ocrx_word' id='word_1_241' title='bbox 1286 2990 1364 3032; x_wconf 86' lang='lat' dir='ltr'><strong>ex</strong></span> <span class='ocrx_word' id='word_1_242' title='bbox 1427 2990 1541 3033; x_wconf 88' lang='lat' dir='ltr'><strong>sua</strong></span> <span class='ocrx_word' id='word_1_243' title='bbox 1591 2989 1737 3033; x_wconf 90' lang='lat' dir='ltr'><strong>eum</strong></span> <span class='ocrx_word' id='word_1_244' title='bbox 1787 2975 1989 3034; x_wconf 88' lang='lat' dir='ltr'><strong>aetate</strong></span> <span class='ocrx_word' id='word_1_245' title='bbox 2040 2969 2314 3055; x_wconf 89' lang='lat' dir='ltr'><strong>pendere</strong></span> <span class='ocrx_word' id='word_1_246' title='bbox 2364 2969 2620 3046; x_wconf 79' lang='lat' dir='ltr'><strong>dixeriS,</strong></span> <span class='ocrx_word' id='word_1_247' title='bbox 2681 2971 2766 3036; x_wconf 86' lang='lat' dir='ltr'><strong>ad</strong></span> 
     </span>
     <span class='ocr_line' id='line_1_30' title="bbox 419 3059 2767 3149; baseline 0.002 -23"><span class='ocrx_word' id='word_1_248' title='bbox 419 3059 827 3149; x_wconf 86' lang='lat' dir='ltr'><strong>philosophos</strong></span> <span class='ocrx_word' id='word_1_249' title='bbox 890 3069 957 3126; x_wconf 90' lang='lat' dir='ltr'><strong>et</strong></span> <span class='ocrx_word' id='word_1_250' title='bbox 1006 3069 1146 3128; x_wconf 89' lang='lat' dir='ltr'><strong>ante</strong></span> <span class='ocrx_word' id='word_1_251' title='bbox 1206 3083 1351 3128; x_wconf 89' lang='lat' dir='ltr'><strong>eum</strong></span> <span class='ocrx_word' id='word_1_252' title='bbox 1409 3071 1473 3128; x_wconf 88' lang='lat' dir='ltr'><strong>et</strong></span> <span class='ocrx_word' id='word_1_253' title='bbox 1524 3084 1667 3129; x_wconf 88' lang='lat' dir='ltr'><strong>cnm</strong></span> <span class='ocrx_word' id='word_1_254' title='bbox 1720 3085 1796 3129; x_wconf 91' lang='lat' dir='ltr'><strong>eo</strong></span> <span class='ocrx_word' id='word_1_255' title='bbox 1856 3063 2127 3132; x_wconf 82' lang='lat' dir='ltr'><strong>viventes</strong></span> <span class='ocrx_word' id='word_1_256' title='bbox 2189 3073 2250 3131; x_wconf 88' lang='lat' dir='ltr'><strong>ct</strong></span> <span class='ocrx_word' id='word_1_257' title='bbox 2296 3067 2622 3142; x_wconf 80' lang='lat' dir='ltr'><strong>docentes,</strong></span> <span class='ocrx_word' id='word_1_258' title='bbox 2684 3065 2767 3130; x_wconf 86' lang='lat' dir='ltr'><strong>ad</strong></span> 
     </span>
     <span class='ocr_line' id='line_1_31' title="bbox 419 3157 2766 3247; baseline 0.001 -23"><span class='ocrx_word' id='word_1_259' title='bbox 419 3157 631 3224; x_wconf 87' lang='lat' dir='ltr'><strong>omnia</strong></span> <span class='ocrx_word' id='word_1_260' title='bbox 681 3157 900 3223; x_wconf 87' lang='lat' dir='ltr'><strong>aetatis</strong></span> <span class='ocrx_word' id='word_1_261' title='bbox 951 3158 1117 3225; x_wconf 86' lang='lat' dir='ltr'><strong>illius</strong></span> <span class='ocrx_word' id='word_1_262' title='bbox 1168 3157 1401 3237; x_wconf 90' lang='lat' dir='ltr'><strong>studia,</strong></span> <span class='ocrx_word' id='word_1_263' title='bbox 1453 3161 1532 3224; x_wconf 90' lang='lat' dir='ltr'><strong>ad</strong></span> <span class='ocrx_word' id='word_1_264' title='bbox 1581 3158 1823 3223; x_wconf 84' lang='lat' dir='ltr'><strong>animos</strong></span> <span class='ocrx_word' id='word_1_265' title='bbox 1865 3157 2247 3227; x_wconf 77' lang='lat' dir='ltr'><strong>Graecorum</strong></span> <span class='ocrx_word' id='word_1_266' title='bbox 2296 3168 2394 3228; x_wconf 89' lang='lat' dir='ltr'><strong>tot</strong></span> <span class='ocrx_word' id='word_1_267' title='bbox 2443 3161 2766 3247; x_wconf 88' lang='lat' dir='ltr'><strong>tantisque</strong></span> 
     </span>
     <span class='ocr_line' id='line_1_32' title="bbox 422 3254 2767 3341; baseline 0.002 -23"><span class='ocrx_word' id='word_1_268' title='bbox 422 3255 614 3318; x_wconf 85' lang='lat' dir='ltr'><strong>rebus</strong></span> <span class='ocrx_word' id='word_1_269' title='bbox 654 3260 789 3320; x_wconf 85' lang='lat' dir='ltr'><strong>tum</strong></span> <span class='ocrx_word' id='word_1_270' title='bbox 831 3256 1110 3328; x_wconf 85' lang='lat' dir='ltr'><strong>excultos</strong></span> <span class='ocrx_word' id='word_1_271' title='bbox 1152 3255 1206 3320; x_wconf 87' lang='lat' dir='ltr'><strong>si</strong></span> <span class='ocrx_word' id='word_1_272' title='bbox 1248 3254 1694 3341; x_wconf 84' lang='lat' dir='ltr'><strong>provocaveris,</strong></span> <span class='ocrx_word' id='word_1_273' title='bbox 1735 3276 1861 3319; x_wconf 87' lang='lat' dir='ltr'><strong>non</strong></span> <span class='ocrx_word' id='word_1_274' title='bbox 1905 3256 2040 3320; x_wconf 79' lang='lat' dir='ltr'><strong>sine</strong></span> <span class='ocrx_word' id='word_1_275' title='bbox 2084 3277 2327 3322; x_wconf 88' lang='lat' dir='ltr'><strong>summa</strong></span> <span class='ocrx_word' id='word_1_276' title='bbox 2366 3264 2577 3324; x_wconf 89' lang='lat' dir='ltr'><strong>nostra</strong></span> <span class='ocrx_word' id='word_1_277' title='bbox 2606 3277 2767 3322; x_wconf 90' lang='lat' dir='ltr'><strong>con-</strong></span> 
     </span>
     <span class='ocr_line' id='line_1_33' title="bbox 423 3345 2766 3439; baseline 0.001 -25"><span class='ocrx_word' id='word_1_278' title='bbox 423 3347 718 3414; x_wconf 90' lang='lat' dir='ltr'><strong>sensione</strong></span> <span class='ocrx_word' id='word_1_279' title='bbox 752 3348 814 3412; x_wconf 92' lang='lat' dir='ltr'><strong>id</strong></span> <span class='ocrx_word' id='word_1_280' title='bbox 847 3345 1087 3413; x_wconf 81' lang='lat' dir='ltr'><strong>feceris.</strong></span> <span class='ocrx_word' id='word_1_281' title='bbox 1141 3351 1473 3435; x_wconf 88' lang='lat' dir='ltr'><strong>Sapienter</strong></span> <span class='ocrx_word' id='word_1_282' title='bbox 1505 3349 1806 3415; x_wconf 90' lang='lat' dir='ltr'><strong>nonnulla</strong></span> <span class='ocrx_word' id='word_1_283' title='bbox 1837 3349 1901 3415; x_wconf 89' lang='lat' dir='ltr'><strong>in</strong></span> <span class='ocrx_word' id='word_1_284' title='bbox 1932 3350 2089 3416; x_wconf 90' lang='lat' dir='ltr'><strong>hanc</strong></span> <span class='ocrx_word' id='word_1_285' title='bbox 2122 3352 2494 3417; x_wconf 85' lang='lat' dir='ltr'><strong>sententiam</strong></span> <span class='ocrx_word' id='word_1_286' title='bbox 2516 3354 2766 3439; x_wconf 90' lang='lat' dir='ltr'><strong>Droy-</strong></span> 
     </span>
     <span class='ocr_line' id='line_1_34' title="bbox 424 3443 2768 3534; baseline 0 -24"><span class='ocrx_word' id='word_1_287' title='bbox 424 3443 681 3510; x_wconf 84' lang='lat' dir='ltr'><strong>senius</strong></span> <span class='ocrx_word' id='word_1_288' title='bbox 740 3443 1081 3532; x_wconf 81' lang='lat' dir='ltr'><strong>disputavit</strong></span> <span class='ocrx_word' id='word_1_289' title='bbox 1136 3445 1506 3531; x_wconf 85' lang='lat' dir='ltr'><strong>monuitque</strong></span> <span class='ocrx_word' id='word_1_290' title='bbox 1565 3452 1866 3532; x_wconf 85' lang='lat' dir='ltr'><strong>quantum</strong></span> <span class='ocrx_word' id='word_1_291' title='bbox 1924 3448 2325 3534; x_wconf 88' lang='lat' dir='ltr'><strong>Xenophani,</strong></span> <span class='ocrx_word' id='word_1_292' title='bbox 2386 3447 2768 3526; x_wconf 82' lang='lat' dir='ltr'><strong>Parmenidi,</strong></span> 
     </span>
     <span class='ocr_line' id='line_1_35' title="bbox 422 3538 2772 3629; baseline 0 -23"><span class='ocrx_word' id='word_1_293' title='bbox 422 3539 808 3627; x_wconf 86' lang='lat' dir='ltr'><strong>Empedocli,</strong></span> <span class='ocrx_word' id='word_1_294' title='bbox 851 3538 1162 3605; x_wconf 82' lang='lat' dir='ltr'><strong>Heraclito</strong></span> <span class='ocrx_word' id='word_1_295' title='bbox 1188 3539 1322 3604; x_wconf 90' lang='lat' dir='ltr'><strong>aliis</strong></span> <span class='ocrx_word' id='word_1_296' title='bbox 1359 3538 1583 3606; x_wconf 88' lang='lat' dir='ltr'><strong>Graeci</strong></span> <span class='ocrx_word' id='word_1_297' title='bbox 1613 3549 1677 3607; x_wconf 90' lang='lat' dir='ltr'><strong>et</strong></span> <span class='ocrx_word' id='word_1_298' title='bbox 1704 3563 1844 3607; x_wconf 89' lang='lat' dir='ltr'><strong>cum</strong></span> <span class='ocrx_word' id='word_1_299' title='bbox 1875 3541 2130 3607; x_wconf 90' lang='lat' dir='ltr'><strong>Graecis</strong></span> <span class='ocrx_word' id='word_1_300' title='bbox 2155 3564 2321 3610; x_wconf 91' lang='lat' dir='ltr'><strong>unus</strong></span> <span class='ocrx_word' id='word_1_301' title='bbox 2350 3542 2451 3607; x_wconf 88' lang='lat' dir='ltr'><strong>ille</strong></span> <span class='ocrx_word' id='word_1_302' title='bbox 2480 3542 2772 3629; x_wconf 89' lang='lat' dir='ltr'><strong>Aeschy-</strong></span> 
     </span>
     <span class='ocr_line' id='line_1_36' title="bbox 422 3634 2772 3724; baseline 0.002 -23"><span class='ocrx_word' id='word_1_303' title='bbox 422 3635 524 3704; x_wconf 92' lang='lat' dir='ltr'><strong>lus</strong></span> <span class='ocrx_word' id='word_1_304' title='bbox 567 3635 809 3704; x_wconf 82' lang='lat' dir='ltr'><strong>debeat.</strong></span> <span class='ocrx_word' id='word_1_305' title='bbox 889 3637 961 3701; x_wconf 91' lang='lat' dir='ltr'><strong>In</strong></span> <span class='ocrx_word' id='word_1_306' title='bbox 1006 3634 1123 3700; x_wconf 88' lang='lat' dir='ltr'><strong>alia</strong></span> <span class='ocrx_word' id='word_1_307' title='bbox 1164 3636 1373 3701; x_wconf 87' lang='lat' dir='ltr'><strong>omnia</strong></span> <span class='ocrx_word' id='word_1_308' title='bbox 1413 3637 1881 3703; x_wconf 88' lang='lat' dir='ltr'><strong>Klausenius</strong></span> <span class='ocrx_word' id='word_1_309' title='bbox 1921 3637 2089 3702; x_wconf 88' lang='lat' dir='ltr'><strong>abiit.</strong></span> <span class='ocrx_word' id='word_1_310' title='bbox 2169 3638 2289 3704; x_wconf 92' lang='lat' dir='ltr'><strong>Hic</strong></span> <span class='ocrx_word' id='word_1_311' title='bbox 2314 3638 2478 3704; x_wconf 88' lang='lat' dir='ltr'><strong>enim</strong></span> <span class='ocrx_word' id='word_1_312' title='bbox 2508 3637 2772 3724; x_wconf 87' lang='lat' dir='ltr'><strong>sapien-</strong></span> 
     </span>
     <span class='ocr_line' id='line_1_37' title="bbox 425 3730 2773 3819; baseline 0.002 -24"><span class='ocrx_word' id='word_1_313' title='bbox 425 3730 549 3796; x_wconf 86' lang='lat' dir='ltr'><strong>tiae</strong></span> <span class='ocrx_word' id='word_1_314' title='bbox 590 3731 968 3819; x_wconf 89' lang='lat' dir='ltr'><strong>Aeschyleae</strong></span> <span class='ocrx_word' id='word_1_315' title='bbox 1010 3731 1460 3818; x_wconf 89' lang='lat' dir='ltr'><strong>aliquantulum</strong></span> <span class='ocrx_word' id='word_1_316' title='bbox 1503 3732 1582 3797; x_wconf 87' lang='lat' dir='ltr'><strong>ad</strong></span> <span class='ocrx_word' id='word_1_317' title='bbox 1622 3731 2006 3819; x_wconf 88' lang='lat' dir='ltr'><strong>Epimenidis</strong></span> <span class='ocrx_word' id='word_1_318' title='bbox 2058 3740 2121 3798; x_wconf 88' lang='lat' dir='ltr'><strong>et</strong></span> <span class='ocrx_word' id='word_1_319' title='bbox 2161 3733 2581 3815; x_wconf 89' lang='lat' dir='ltr'><strong>Orphicorum</strong></span> <span class='ocrx_word' id='word_1_320' title='bbox 2624 3753 2773 3799; x_wconf 65' lang='lat' dir='ltr'><strong>can-</strong></span> 
     </span>
     <span class='ocr_line' id='line_1_38' title="bbox 426 3825 2771 3915; baseline 0.001 -23"><span class='ocrx_word' id='word_1_321' title='bbox 426 3825 597 3892; x_wconf 88' lang='lat' dir='ltr'><strong>mina</strong></span> <span class='ocrx_word' id='word_1_322' title='bbox 645 3826 956 3906; x_wconf 77' lang='lat' dir='ltr'><strong>referenS,</strong></span> <span class='ocrx_word' id='word_1_323' title='bbox 1007 3826 1264 3914; x_wconf 87' lang='lat' dir='ltr'><strong>reliquis</strong></span> <span class='ocrx_word' id='word_1_324' title='bbox 1306 3827 1819 3915; x_wconf 90' lang='lat' dir='ltr'><strong>philosophorum</strong></span> <span class='ocrx_word' id='word_1_325' title='bbox 1868 3827 2279 3914; x_wconf 74' lang='lat' dir='ltr'><strong>principibuS,</strong></span> <span class='ocrx_word' id='word_1_326' title='bbox 2328 3835 2403 3893; x_wconf 89' lang='lat' dir='ltr'><strong>ut</strong></span> <span class='ocrx_word' id='word_1_327' title='bbox 2448 3829 2771 3895; x_wconf 89' lang='lat' dir='ltr'><strong>Heraclito</strong></span> 
     </span>
     <span class='ocr_line' id='line_1_39' title="bbox 426 3915 2798 4010; baseline 0 -21"><span class='ocrx_word' id='word_1_328' title='bbox 426 3929 502 3989; x_wconf 89' lang='lat' dir='ltr'><strong>ut</strong></span> <span class='ocrx_word' id='word_1_329' title='bbox 542 3921 775 3988; x_wconf 88' lang='lat' dir='ltr'><strong>Eleatis</strong></span> <span class='ocrx_word' id='word_1_330' title='bbox 818 3944 940 3988; x_wconf 91' lang='lat' dir='ltr'><strong>non</strong></span> <span class='ocrx_word' id='word_1_331' title='bbox 982 3923 1261 4010; x_wconf 86' lang='lat' dir='ltr'><strong>potuisse</strong></span> <span class='ocrx_word' id='word_1_332' title='bbox 1301 3946 1429 3989; x_wconf 91' lang='lat' dir='ltr'><strong>non</strong></span> <span class='ocrx_word' id='word_1_333' title='bbox 1471 3924 1777 3992; x_wconf 86' lang='lat' dir='ltr'><strong>adversari</strong></span> <span class='ocrx_word' id='word_1_334' title='bbox 1818 3931 2065 4009; x_wconf 81' lang='lat' dir='ltr'><strong>po‘etam</strong></span> <span class='ocrx_word' id='word_1_335' title='bbox 2120 3915 2451 3992; x_wconf 83' lang='lat' dir='ltr'><strong>contendit.</strong></span> <span class='ocrx_word' id='word_1_336' title='bbox 2533 3923 2798 4010; x_wconf 85' lang='lat' dir='ltr'><strong>(Theo--</strong></span> 
     </span>
     <span class='ocr_line' id='line_1_40' title="bbox 428 4016 2772 4106; baseline 0.002 -23"><span class='ocrx_word' id='word_1_337' title='bbox 428 4016 550 4103; x_wconf 86' lang='lat' dir='ltr'><strong>log.</strong></span> <span class='ocrx_word' id='word_1_338' title='bbox 591 4022 704 4086; x_wconf 87' lang='lat' dir='ltr'><strong>Ae.</strong></span> <span class='ocrx_word' id='word_1_339' title='bbox 747 4039 808 4105; x_wconf 89' lang='lat' dir='ltr'><strong>p.</strong></span> <span class='ocrx_word' id='word_1_340' title='bbox 852 4020 966 4105; x_wconf 88' lang='grc'>10.)</span> <span class='ocrx_word' id='word_1_341' title='bbox 1050 4019 1166 4087; x_wconf 89' lang='lat' dir='ltr'><strong>Cui</strong></span> <span class='ocrx_word' id='word_1_342' title='bbox 1210 4041 1325 4086; x_wconf 90' lang='lat' dir='ltr'><strong>nos</strong></span> <span class='ocrx_word' id='word_1_343' title='bbox 1369 4039 1479 4086; x_wconf 87' lang='lat' dir='ltr'><strong>cur</strong></span> <span class='ocrx_word' id='word_1_344' title='bbox 1519 4040 1645 4083; x_wconf 93' lang='lat' dir='ltr'><strong>non</strong></span> <span class='ocrx_word' id='word_1_345' title='bbox 1688 4018 1990 4088; x_wconf 85' lang='lat' dir='ltr'><strong>adversari</strong></span> <span class='ocrx_word' id='word_1_346' title='bbox 2034 4042 2160 4087; x_wconf 89' lang='lat' dir='ltr'><strong>non</strong></span> <span class='ocrx_word' id='word_1_347' title='bbox 2188 4020 2499 4106; x_wconf 87' lang='lat' dir='ltr'><strong>possimus</strong></span> <span class='ocrx_word' id='word_1_348' title='bbox 2540 4021 2772 4088; x_wconf 89' lang='lat' dir='ltr'><strong>docent</strong></span> 
     </span>
    </p>
   </div>
   <div class='ocr_carea' id='block_1_3' title="bbox 431 4153 850 4167">
    <p class='ocr_par' dir='ltr' id='par_1_6' title="bbox 431 4153 850 4167">
     <span class='ocr_line' id='line_1_41' title="bbox 431 4153 850 4167; baseline 0 702"><span class='ocrx_word' id='word_1_349' title='bbox 431 4153 850 4167; x_wconf 95' lang='lat' dir='ltr'><strong> </strong></span> 
     </span>
    </p>
   </div>
   <div class='ocr_carea' id='block_1_4' title="bbox 430 4234 2771 4584">
    <p class='ocr_par' dir='ltr' id='par_1_7' title="bbox 569 4234 1555 4298">
     <span class='ocr_line' id='line_1_42' title="bbox 569 4234 1555 4298; baseline -0.005 -6"><span class='ocrx_word' id='word_1_350' title='bbox 569 4234 627 4292; x_wconf 71' lang='lat'><strong>⁸)</strong></span> <span class='ocrx_word' id='word_1_351' title='bbox 666 4240 730 4290; x_wconf 81' lang='lat' dir='ltr'><strong>ef.</strong></span> <span class='ocrx_word' id='word_1_352' title='bbox 767 4242 970 4288; x_wconf 79' lang='lat' dir='ltr'><strong>Welck.</strong></span> <span class='ocrx_word' id='word_1_353' title='bbox 1008 4253 1055 4297; x_wconf 76' lang='lat' dir='ltr'><strong>p.</strong></span> <span class='ocrx_word' id='word_1_354' title='bbox 1096 4238 1199 4289; x_wconf 70' lang='lat' dir='ltr'><strong>loe</strong></span> <span class='ocrx_word' id='word_1_355' title='bbox 1235 4253 1308 4298; x_wconf 74' lang='lat' dir='ltr'><strong>sq.</strong></span> <span class='ocrx_word' id='word_1_356' title='bbox 1348 4244 1398 4289; x_wconf 81' lang='lat' dir='ltr'><strong>ct</strong></span> <span class='ocrx_word' id='word_1_357' title='bbox 1433 4239 1555 4290; x_wconf 70' lang='lat'><strong>¹⁸28.</strong></span> 
     </span>
    </p>

    <p class='ocr_par' dir='ltr' id='par_1_8' title="bbox 430 4301 2769 4439">
     <span class='ocr_line' id='line_1_43' title="bbox 567 4301 2769 4372; baseline 0.001 -14"><span class='ocrx_word' id='word_1_358' title='bbox 567 4301 655 4365; x_wconf 65' lang='lat' dir='ltr'><strong>”J</strong></span> <span class='ocrx_word' id='word_1_359' title='bbox 691 4311 914 4358; x_wconf 75' lang='lat' dir='ltr'><strong>Auctore</strong></span> <span class='ocrx_word' id='word_1_360' title='bbox 947 4313 999 4358; x_wconf 75' lang='lat' dir='ltr'><strong>m</strong></span> <span class='ocrx_word' id='word_1_361' title='bbox 1032 4311 1302 4372; x_wconf 77' lang='lat' dir='ltr'><strong>contendit,</strong></span> <span class='ocrx_word' id='word_1_362' title='bbox 1347 4312 1401 4358; x_wconf 77' lang='lat' dir='ltr'><strong>nl</strong></span> <span class='ocrx_word' id='word_1_363' title='bbox 1436 4313 1610 4372; x_wconf 72' lang='lat' dir='ltr'><strong>fallor,</strong></span> <span class='ocrx_word' id='word_1_364' title='bbox 1657 4312 2012 4372; x_wconf 72' lang='lat' dir='ltr'><strong>rreretrto,</strong></span> <span class='ocrx_word' id='word_1_365' title='bbox 2060 4321 2203 4368; x_wconf 75' lang='lat' dir='ltr'><strong>quem</strong></span> <span class='ocrx_word' id='word_1_366' title='bbox 2240 4312 2595 4362; x_wconf 74' lang='lat' dir='ltr'><strong>Lobeckius</strong></span> <span class='ocrx_word' id='word_1_367' title='bbox 2632 4312 2769 4360; x_wconf 76' lang='lat' dir='ltr'><strong>refu·</strong></span> 
     </span>
     <span class='ocr_line' id='line_1_44' title="bbox 430 4379 1242 4439; baseline 0.009 -15"><span class='ocrx_word' id='word_1_368' title='bbox 430 4379 557 4426; x_wconf 66' lang='lat' dir='ltr'><strong>tavit</strong></span> <span class='ocrx_word' id='word_1_369' title='bbox 594 4381 646 4427; x_wconf 77' lang='lat' dir='ltr'><strong>in</strong></span> <span class='ocrx_word' id='word_1_370' title='bbox 682 4382 930 4438; x_wconf 81' lang='lat' dir='ltr'><strong>Aglaopn.</strong></span> <span class='ocrx_word' id='word_1_371' title='bbox 968 4395 1020 4439; x_wconf 75' lang='lat' dir='ltr'><strong>p.</strong></span> <span class='ocrx_word' id='word_1_372' title='bbox 1061 4381 1128 4430; x_wconf 74' lang='lat'><strong>¹19</strong></span> <span class='ocrx_word' id='word_1_373' title='bbox 1164 4393 1242 4438; x_wconf 76' lang='lat' dir='ltr'><strong>sq.</strong></span> 
     </span>
    </p>

    <p class='ocr_par' dir='ltr' id='par_1_9' title="bbox 432 4442 2771 4584">
     <span class='ocr_line' id='line_1_45' title="bbox 570 4442 2771 4512; baseline 0 -13"><span class='ocrx_word' id='word_1_374' title='bbox 570 4442 684 4504; x_wconf 59' lang='grc' dir='ltr'><strong>Μ)</strong></span> <span class='ocrx_word' id='word_1_375' title='bbox 728 4455 884 4501; x_wconf 74' lang='lat' dir='ltr'><strong>Paus-</strong></span> <span class='ocrx_word' id='word_1_376' title='bbox 935 4454 982 4512; x_wconf 77' lang='lat'><strong>1,</strong></span> <span class='ocrx_word' id='word_1_377' title='bbox 1029 4454 1118 4511; x_wconf 72' lang='lat' dir='ltr'><strong>si,</strong></span> <span class='ocrx_word' id='word_1_378' title='bbox 1160 4454 1210 4503; x_wconf 66' lang='grc' dir='ltr'><strong>ί.</strong></span> <span class='ocrx_word' id='word_1_379' title='bbox 1285 4454 1350 4500; x_wconf 80' lang='lat' dir='ltr'><strong>cf.</strong></span> <span class='ocrx_word' id='word_1_380' title='bbox 1394 4453 1729 4511; x_wconf 76' lang='lat' dir='ltr'><strong>Lessingli</strong></span> <span class='ocrx_word' id='word_1_381' title='bbox 1779 4453 1998 4503; x_wconf 72' lang='lat' dir='ltr'><strong>libellum</strong></span> <span class='ocrx_word' id='word_1_382' title='bbox 2043 4467 2189 4511; x_wconf 82' lang='lat' dir='ltr'><strong>quern</strong></span> <span class='ocrx_word' id='word_1_383' title='bbox 2245 4457 2308 4502; x_wconf 75' lang='lat' dir='ltr'><strong>de</strong></span> <span class='ocrx_word' id='word_1_384' title='bbox 2350 4454 2459 4501; x_wconf 74' lang='lat' dir='ltr'><strong>vita</strong></span> <span class='ocrx_word' id='word_1_385' title='bbox 2506 4453 2771 4510; x_wconf 71' lang='lat' dir='ltr'><strong>sophoclis</strong></span> 
     </span>
     <span class='ocr_line' id='line_1_46' title="bbox 432 4517 1966 4584; baseline 0.007 -20"><span class='ocrx_word' id='word_1_386' title='bbox 432 4519 745 4576; x_wconf 66' lang='lat' dir='ltr'><strong>conscripsti.</strong></span> <span class='ocrx_word' id='word_1_387' title='bbox 817 4526 930 4571; x_wconf 78' lang='lat' dir='ltr'><strong>Not.</strong></span> <span class='ocrx_word' id='word_1_388' title='bbox 967 4525 1024 4571; x_wconf 72' lang='lat' dir='ltr'><strong>G.</strong></span> <span class='ocrx_word' id='word_1_389' title='bbox 1066 4517 1221 4584; x_wconf 73' lang='lat' dir='ltr'><strong>(opp.</strong></span> <span class='ocrx_word' id='word_1_390' title='bbox 1257 4527 1319 4572; x_wconf 79' lang='lat' dir='ltr'><strong>ed</strong></span> <span class='ocrx_word' id='word_1_391' title='bbox 1356 4527 1559 4575; x_wconf 72' lang='lat' dir='ltr'><strong>Lachm-</strong></span> <span class='ocrx_word' id='word_1_392' title='bbox 1594 4528 1683 4575; x_wconf 77' lang='lat' dir='ltr'><strong>VI.</strong></span> <span class='ocrx_word' id='word_1_393' title='bbox 1725 4539 1774 4583; x_wconf 75' lang='lat' dir='ltr'><strong>p.</strong></span> <span class='ocrx_word' id='word_1_394' title='bbox 1811 4525 1966 4581; x_wconf 66' lang='lat' dir='ltr'><strong>aot.)</strong></span> 
     </span>
    </p>
   </div>
   <div class='ocr_carea' id='block_1_5' title="bbox 2929 1152 2939 4840">
    <p class='ocr_par' dir='ltr' id='par_1_10' title="bbox 2929 1152 2939 4840">
     <span class='ocr_line' id='line_1_47' title="bbox 2929 1152 2939 4840; baseline 0 0"><span class='ocrx_word' id='word_1_395' title='bbox 2929 1152 2939 4840; x_wconf 95' lang='lat' dir='ltr'><strong> </strong></span> 
     </span>
    </p>
   </div>
  </div>
 </body>
</html>
