2978 4869
1289 186 1725 255 -56-....

339 359 573 427 curavit
619 361 964 426 Homerum
1013 358 1327 445 religionis
1375 351 1808 445 gravissimum*
1851 364 2200 440 auctorem,
2273 336 2400 447 qui⁸
2429 361 2682 447 triginta

336 455 536 523 tribus
576 455 945 523 Nereidibus
987 455 1315 523 nominatis
1355 457 1546 523 verba
1583 455 1771 522 etiam
1811 454 2007 522 addit:

656 552 864 616 ἄλλαι
906 551 972 624 θ’
1018 551 1090 615 αἳ
1131 552 1307 616 κατὰ
1353 547 1602 636 βένὲος
1643 548 1812 627 ἁλός
1828 541 2131 634 Νηᾳηῗὸες
2172 535 2358 632 ’ἦσαν

338 645 435 729 (ll.
479 650 584 725 18,
634 650 714 711 39
755 665 847 731 sq.
886 644 1043 729 49.),
1104 644 1255 710 nihil
1316 644 1503 711 etiam
1543 645 1802 712 Hesiodi
1872 651 1949 713 51
2012 644 2348 714 Nereidum
2407 645 2682 711 indicem

336 740 598 826 (Theog.
640 745 761 807 240
801 743 1023 826 seq.)')
1112 741 1206 807 Ne
1257 741 1576 826 ingentem
1626 742 1879 828 quidem
1931 738 2369 807 Oceanitidem
2416 760 2681 806 numer-

336 857 444 903 um
487 836 830 902 diminuere
873 834 1190 916 dubitavit,
1232 857 1421 923 quem
1461 837 1774 904 Hesiodus
1816 838 1936 903 hoc
1975 856 2158 905 versu
2197 834 2454 902 indicat:

432 932 565 1016 τρὶς
603 933 736 1017 γὰρ
780 929 1001 1013 otthoni.
1044 935 1174 997 εἰσι
1216 929 1646 1017 τανύσφυροι
1690 942 2057 999 Ωκεανῖναι
2098 931 2360 1016 (Theog.
2408 936 2578 1014 364.)

293 1102 300 1112 ,
338 1026 570 1092 Verum
603 1025 768 1091 dicat
794 1026 955 1113 quiS,
997 1046 1074 1092 ne
1116 1025 1388 1093 voluisse
1440 1028 1694 1112 quidem
1737 1048 1990 1093 omnes
2030 1028 2329 1096 Nereides
2370 1049 2532 1094 omn
2548 1047 2679 1093 es·-

334 1142 474 1209 que
542 1120 943 1189 Oceanitides
1007 1126 1260 1202 poetam
1330 1120 1644 1187 inducere.
1759 1121 2000 1187 Poterit
2055 1123 2340 1209 profecto
2392 1124 2496 1190 ‘ita
2553 1123 2680 1189 hoc

337 1216 714 1284 contendere
762 1224 835 1283 ut
880 1214 1234 1284 consentire
1285 1215 1565 1282 debeam.
1631 1221 1743 1281 At
1794 1216 1962 1283 loco
2016 1224 2182 1282 certe
2234 1219 2517 1286 omnium
2568 1239 2679 1285 eas

337 1314 582 1391 adesse,
641 1318 837 1378 totam
887 1320 952 1378 et
988 1308 1328 1379 Nereidum
1381 1318 1446 1376 et
1494 1310 1934 1378 Oceanitidem
1983 1319 2265 1379 naturam
2315 1315 2679 1399 quindecim

335 1409 506 1475 chori
527 1408 810 1494 personis
840 1408 1120 1495 exprimi,
1162 1408 1466 1475 rationem
1498 1408 1775 1495 denique
1804 1409 2184 1495 reliquarum
2216 1409 2445 1474 nullam
2476 1410 2679 1475 habe-

254 1552 277 1573 .
328 1505 405 1584 ri,
444 1504 567 1570 hoc
606 1503 753 1569 mihi
795 1504 897 1570 ille
939 1503 1255 1570 concedet.
1336 1506 1474 1571 Hoc
1513 1524 1661 1585 vero
1704 1505 1854 1590 quid
1894 1504 2060 1570 aliud
2100 1511 2197 1569 est
2234 1504 2356 1569 nisi
2393 1506 2475 1571 ad
2515 1514 2678 1591 poe-

335 1601 421 1667 sis
442 1622 646 1669 -usum
688 1600 1032 1668 diminuere
1073 1601 1333 1668 deorum
1374 1601 1748 1669 numerum?

448 1728 473 1745 κ
492 1697 618 1762 Sed
659 1696 711 1760 si
753 1697 894 1781 quis
935 1697 1145 1761 minus
1185 1701 1409 1781 po‘etae
1450 1703 1693 1761 tantum
1737 1695 2078 1762 concedere
2128 1696 2381 1775 audeat,
2442 1704 2678 1783 quanta

334 1794 456 1859 sint
502 1790 712 1878 po'esis
763 1790 898 1855 iura
950 1812 1025 1856 ex
1074 1789 1528 1857 Eumenidibus
1580 1793 1794 1859 discat.
1876 1790 2035 1859 Nam
2078 1812 2220 1857 cum
2263 1814 2337 1858 ea
2378 1792 2677 1878 opinione

333 1909 520 1975 quam
552 1884 1051 1973 „Blomfieldus
1098 1886 1248 1951 olim
1298 1887 1620 1969 professus
1675 1895 1803 1967 est,
1864 1908 1899 1953 e
1939 1887 2140 1952 tribus
2180 1895 2423 1952 tanturn
2466 1888 2676 1953 Furiis

333 1984 521 2070 hujus
570 1981 924 2067 tragoediae
978 1980 1236 2047 chorum
1287 1983 1669 2062 constitisse,
1728 1989 1801 2051 ut
1858 2003 2022 2070 quae
2074 1982 2354 2048 omnium
2402 1982 2677 2049 virorum

330 2081 655 2144 doctorum
697 2096 1011 2143 consensu
1048 2075 1126 2140 ad
1167 2075 1402 2142 inferos
1456 2078 1537 2142 sit
1582 2080 1878 2162 relegata,
1935 2078 2119 2143 nobis
2171 2077 2358 2143 hodie
2407 2078 2676 2160 amplius

335 2196 438 2240 res
476 2194 606 2237 non
644 2172 859 2256 erit.”)
948 2175 1241 2237 Attamen
1290 2192 1453 2258 quae
1494 2194 1597 2239 res
1655 2174 1732 2239 ad
1786 2173 1951 2237 illam
2002 2174 2372 2238 sententiam
2422 2175 2675 2240 Blem-

334 2269 649 2336 fieldum
689 2268 1097 2354 perduxerat,
1139 2287 1277 2333 eam
1316 2269 1786 2335 Hermannus
1828 2286 2082 2355 quoque
2125 2268 2283 2333 adeo
2322 2268 2677 2343 Athenien-

333 2386 434 2431 ses
483 2363 813 2431 offendisse
836 2361 1228 2442 existimavit,
1266 2371 1342 2430 ut
1361 2364 1613 2452 Apsinis
1655 2365 1863 2433 locum
1904 2364 2188 2451 aliosque
2231 2384 2420 2450 supra
2459 2365 2677 2431 allatos

327 2462 410 2527 de
440 2460 747 2546 Aeschylo
788 2459 994 2544 magni
1036 2466 1100 2525 et
1140 2462 1335 2546 aperti
1378 2462 1982 2528 criminis-accusato
2024 2482 2102 2527 eo
2145 2460 2380 2526 referre
2419 2461 2675 2527 minime

331 2557 659 2622 dubitaret.
739 2557 895 2620 Tres
948 2555 1115 2620 enim
1167 2554 1427 2621 Athenis
1474 2555 1870 2622 Eumenides
1907 2575 2076 2620 esse
2067 2556 2289 2624 cultas
2329 2556 2589 2622 Polemo
2637 2577 2676 2622 a

329 2650 521 2717 schol.
590 2649 670 2714 ad
740 2648 931 2734 Soph.
994 2648 1074 2714 Ο.
1134 2649 1206 2715 C.
1265 2655 1374 2728 39,
1444 2649 1732 2715 laudatus
1801 2656 2087 2717 testatur.
2208 2651 2414 2718 Verba
2482 2649 2673 2715 schol.

332 2746 487 2812 haec
524 2751 700 2810 sunt.
761 2739 1117 2827 Φύλαρχός
1169 2769 1336 2826 φησι
1389 2741 1515 2809 δύο
1559 2745 1778 2822 αὐτὰς
1821 2730 2025 2825 εἶναι,
2078 2743 2163 2812 τοί
2205 2774 2274 2812 τε
2306 2740 2676 2832 Ἀθήνῃσιν

331 2836 712 2925 ἀγάλματα
768 2833 907 2902 δύο.
1009 2833 1332 2923 Πολέμων
1386 2838 1452 2903 δέ
1506 2847 1668 2921 τρεῖς
1726 2836 1940 2914 αὐτας
1994 2865 2175 2922 φησι.
2264 2838 2454 2916 Quod
2506 2838 2673 2904 enim

326 2932 705 3019 Phylarchus
756 2930 907 2995 dicit
952 2931 1108 2996 duas
1156 2937 1397 2997 tantum
1447 2932 1537 2997 ibi
1586 2931 1778 2998 fuisse
1832 2932 1982 3002 satis
2032 2932 2094 2996 id
2142 2934 2287 2998 loco
2339 2933 2533 2998 Clem.
2576 2933 2673 2999 Al.

329 3033 631 3115 protrept.
671 3047 771 3111 pg.
813 3028 889 3089 41
932 3024 1039 3088 lin.
1082 3031 1161 3090 15
1186 3046 1280 3112 sq.
1321 3028 1416 3092 ed.
1439 3029 1603 3094 Pott.
1646 3028 1723 3094 ad
1764 3028 1889 3094 duo
1930 3027 2363 3094 tantummodo
2404 3048 2441 3093 a
2469 3028 2675 3114 Scopa

330 3124 490 3190 facta
533 3120 954 3187 Eumenidum
992 3120 1323 3189 simulacra
1339 3177 1343 3182 .
1361 3124 1671 3205 respicere
1710 3123 2044 3191 verisimile
2082 3123 2391 3201 redditur,
2443 3123 2674 3210 quibus

330 3219 581 3283 tertium
631 3238 668 3283 a
710 3217 861 3283 Calo
914 3217 1196 3285 additum
1252 3240 1393 3284 esse
1454 3219 1725 3285 eundem
1775 3221 2180 3285 Polemonem
2230 3220 2522 3285 Clemens
2571 3227 2673 3284 te-

331 3319 488 3377 stem
539 3312 732 3374 affert.
824 3311 1241 3380 Gravissimus
1293 3319 1611 3400 praeterea
1660 3313 1738 3378 de
1791 3313 1980 3379 trium
2029 3314 2448 3381 Eumenidum
2501 3315 2676 3380 cultu

330 3413 429 3471 est
469 3403 834 3470 scholiastae
875 3406 1051 3471 locus
1099 3410 1176 3473 ad
1217 3409 1400 3474 Eum.
1441 3412 1567 3524 585ι
1604 3407 1875 3490 (Binda)
1936 3409 2177 3474 πολλαὶ
2236 3410 2407 3508 μέν
2428 3410 2671 3501 ἐσμεν]

330 3508 529 3567 τοῦτο
575 3527 661 3563 συ
690 3497 844 3583 πρὸς
883 3526 1004 3574 τας
1045 3510 1206 3582 τρεῖς
1248 3503 1428 3568 ἄλλα
1457 3500 1611 3587 πρὸς
1652 3499 1774 3567 τὸν
1818 3503 2042 3585 χορόν·
2090 3496 2144 3565 ui
2173 3501 2306 3583 γὰρ
2347 3489 2555 3581 ’ἦσαν
2589 3540 2675 3556 --

332 3597 489 3661 Tres
530 3593 750 3661 Furias
792 3592 1054 3660 Orestes
1105 3596 1290 3661 etiam
1343 3598 1461 3663 sibi
1512 3596 1873 3683 apparuisse
1924 3594 2090 3679 apud
2129 3593 2496 3678 Euripidem
2538 3593 2671 3678 (Or

326 3696 498 3771 391),
541 3711 748 3756 coram
789 3691 989 3757 tribus
1031 3711 1279 3757 causam
1321 3714 1466 3757 eum
1509 3691 1737 3757 dixisse
1779 3690 2007 3756 ibidem
2050 3694 2208 3757 1608
2237 3689 2462 3775 Apollo
2499 3690 2672 3754 affir-

330 3791 477 3850 mat.
566 3788 722 3851 Tres
784 3786 998 3852 itidem
1059 3787 1124 3852 in
1172 3787 1313 3851 Tro
1326 3787 1431 3851 a-d.
1481 3792 1599 3854 446
1648 3793 2231 3854 commemorantur.
2323 3786 2555 3852 Verum
2619 3785 2673 3850 si

330 3878 475 3966 quis
528 3880 848 3947 solennem
899 3880 1153 3946 omnino
1203 3881 1282 3946 de
1312 3902 1599 3948 -numero
1638 3884 1968 3949 Furiarum
2015 3881 2373 3966 opinionem
2423 3881 2500 3944 ab
2535 3886 2672 3946 Ae-

335 3973 542 4060 schylo
594 3975 828 4040 nefarie
877 3977 1106 4042 laesam
1158 3984 1221 4042 et
1258 3983 1592 4062 propterea
1633 3978 1797 4045 cives
1840 3978 1976 4064 ejus
2013 3978 2291 4043 offensos
2332 3997 2470 4041 esse
2514 3996 2671 4040 con-

332 4070 646 4136 tenderat:
688 4070 892 4154 potuit
931 4092 1073 4138 eum
1114 4072 1527 4139 Muellerus
1568 4073 1838 4140 refutare
1880 4093 2075 4160 quum
2115 4070 2209 4139 vel
2253 4072 2387 4137 solo
2415 4070 2670 4156 Euripi-

476 4256 526 4323 ⁶)
566 4264 630 4314 cf.
667 4253 806 4309 Pind·
845 4263 1014 4310 Islhm·
1064 4261 1214 4324 546),
1268 4266 1300 4314 6
1351 4261 1463 4325 (ed.
1513 4259 1766 4324 Boeckh.)
1816 4272 1868 4310 et
1911 4264 2105 4314 omnino
2150 4267 2561 4314 Bet-mannum
2607 4267 2672 4316 ad

333 4336 579 4457 ⁸⁰⁹¹¹2,‘;·
599 4335 676 4452 ἐξ·
699 4330 1052 4451 gff‘mfmd,
1088 4397 1141 4442 ιη
1185 4399 1345 4451 maer.
1391 4401 1456 4446 aa
1491 4402 1679 4446 Aescu.
1715 4401 1859 4445 Pers.
1907 4411 1956 4453 ι».
1994 4402 2182 4448 xvm.
2219 4411 2295 4454 ιιι·
2332 4402 2407 4445 ⁰⁰·
2443 4403 2584 4460 mps.
2620 4407 2668 4451 0⁸
2730 4377 2736 4381 Ι

337 4483 466 4533 quae
503 4472 554 4521 in
589 4473 887 4523 contrariam
920 4472 1112 4529 partem
1146 4467 1552 4518 normannus
1577 4466 1866 4522 disputavit:
1901 4469 2085 4523 opusc.
2121 4472 2187 4518 n.
2224 4479 2270 4523 ι».
2309 4465 2413 4518 12⁵
2449 4483 2525 4527 sq.
