2978 4869
1246 204 1684 270 ...39....

295 376 479 455 Quae
523 373 652 462 jam
705 380 1053 462 sequuntur
1096 372 1406 454 Apollinis
1458 375 1640 440 verba
1689 375 1767 440 ab
1817 373 1958 454 ipso
2007 372 2318 457 Hegelio
2367 370 2631 446 laudata,

294 472 529 557 optime
581 471 678 536 dei
730 471 917 536 nobis
965 469 1262 547 indolem,
1323 469 1587 557 iuraque
1650 489 1810 557 quae
1872 469 2008 551 ipse
2063 474 2313 534 tueatur
2359 464 2634 531 indicant

294 569 445 652 (214
487 588 575 653 sq.
587 567 625 652 ).
707 566 895 633 Nullo
945 564 1251 653 profecto,
1293 566 1525 652 inquit,
1568 566 1631 631 in
1671 565 1908 631 honore
1950 565 2061 630 tibi
2103 572 2277 642 sunt,
2330 560 2633 647 nihilique

300 663 451 729 sacis
497 662 766 729 Junonis
816 683 960 731 cum
1011 662 1165 729 Jove
1215 661 1485 728 foedera.
1587 664 1843 728 Honore
1891 661 2011 727 hoc
2059 667 2171 727 tuo
2219 658 2410 726 verbo
2460 654 2633 721 omni

291 760 514 846 Cypris
555 758 832 846 privatur
871 779 948 823 ex
990 779 1116 844 qua
1154 766 1362 824 tamen
1403 759 1705 824 beneficia
1744 759 2062 824 carissima
2087 755 2445 822 hominibus
2474 768 2635 817 con-

292 856 556 940 tingunt.
625 855 711 920 Et
747 854 958 941 paullo
1000 862 1144 937 post
1184 854 1371 941 (222):
1432 857 1603 921 Haec
1646 855 1899 942 quidem
1941 854 2045 939 (sc.
2087 851 2333 920 Orestis
2374 846 2632 931 facinus)

292 956 423 1017 scio
472 950 874 1019 vehementer
921 949 1033 1015 tibi
1085 950 1240 1016 iram
1290 952 1626 1030 excitasse,
1680 952 1782 1016 illa
1830 957 2046 1016 contra
2086 949 2631 1035 (Clytaemnestrae

290 1048 550 1133 facinus)
592 1047 790 1114 multo
832 1045 1041 1112 mitius
1081 1053 1147 1112 te
1186 1047 1423 1114 tulisse.
1485 1050 1720 1114 Verum
1752 1049 1803 1113 si
1831 1046 2179 1113 accuratius
2215 1065 2348 1109 rem
2378 1047 2631 1123 specta-

287 1166 451 1222 ιιιιιε,
494 1143 814 1210 fatendum
855 1152 971 1221 est,
1012 1164 1140 1209 non
1179 1143 1370 1210 furias
1413 1144 1616 1211 solum
1657 1146 1794 1212 iure
1835 1143 1968 1221 niti,
2011 1141 2181 1229 quod
2208 1136 2504 1224 neglectis
2534 1135 2631 1201 al·-

288 1240 559 1306 tioribus
607 1238 828 1305 officiis
875 1259 1058 1307 verae
1111 1247 1177 1303 et
1224 1240 1542 1325 perfectae
1582 1241 1855 1308 iustitiae
1895 1261 2023 1305 non
2064 1236 2470 1323 respondeat,
2519 1231 2630 1298 sed

286 1337 643 1424 Apollinem
692 1336 880 1400 etiam
930 1343 1264 1420 propterea
1313 1336 1648 1421 perfectam
1701 1337 1860 1403 hanc
1902 1335 2200 1401 iustitiam
2242 1332 2448 1397 minus
2490 1348 2631 1423 esse

284 1441 674 1509 assecutum,
726 1428 895 1516 quod
945 1430 1239 1512 opinetur
1285 1453 1473 1518 posse
1515 1433 1814 1519 praestari
1856 1440 1920 1498 et
1957 1431 2154 1497 teneri
2194 1430 2330 1495 iura
2372 1426 2475 1491 illa
2515 1446 2630 1491 su·-

285 1529 534 1615 periora
574 1525 815 1594 etiamsi
856 1525 1153 1594 inferiora
1193 1528 1576 1615 abjiciantur.
1659 1526 2007 1615 Utrumque
2060 1548 2201 1592 esse
2252 1525 2476 1590 falsum
2517 1540 2631 1587 cur

282 1624 567 1711 pluribus
611 1623 1073 1689 demonstrem?
1153 1624 1430 1691 Omnino
1474 1626 1586 1713 qui
1625 1626 1706 1691 sit
1744 1646 1956 1691 rerum
1999 1623 2234 1701 exitus,
2277 1640 2439 1707 quae
2482 1637 2630 1682 mu-

281 1727 533 1786 tuarum
584 1720 817 1785 irarum
868 1718 1108 1783 sedatio
1160 1720 1319 1784 scire
1370 1721 1688 1804 gestimus.
1786 1722 1968 1786 Justa
2020 1717 2325 1786 sententia
2375 1734 2629 1782 causam

281 1814 604 1901 dijudicari
648 1813 1010 1899 Solgerus
1061 1823 1248 1900 negat
1296 1816 1424 1902 (pg.
1454 1817 1633 1900 XV.),
1683 1823 1868 1900 negat
1909 1814 2337 1891 Genellius,
2400 1816 2630 1896 negant

279 1910 627 1978 acutissimi
667 1909 781 1979 viri
815 1909 1053 1996 judicii,
1093 1918 1160 1976 et
1198 1919 1562 1997 argumenta
1604 1911 1656 1976 si
1699 1910 2066 1996 respicimus
2110 1910 2339 1996 quibus
2366 1928 2483 1989 pro
2516 1925 2629 1971 sua

281 2007 595 2073 sententia
648 2005 874 2091 Apollo
916 2005 1152 2084 utitur,
1211 2016 1576 2093 argumenta
1637 2007 1824 2072 etiam
1882 2027 2046 2094 quae
2099 2006 2379 2072 Minerva
2432 2002 2629 2078 affert,

282 2109 432 2168 sunt
456 2122 551 2180 ea,
593 2102 810 2180 fateor,
853 2101 1007 2168 levia
1041 2110 1107 2168 et
1145 2103 1468 2171 levissima.
1531 2103 1761 2185 Apollo
1800 2103 1966 2168 enim
2009 2103 2074 2167 in
2115 2123 2194 2166 eo
2236 2099 2406 2185 quod
2447 2103 2629 2164 antea

280 2200 360 2265 de
402 2198 618 2284 majori
661 2197 1033 2274 matrimonii
1077 2198 1213 2264 iure
1257 2199 1517 2277 dixerat,
1558 2201 1675 2265 sihi
1716 2221 1845 2265 non
1889 2206 2157 2276 constat,
2198 2203 2437 2282 patrem
2479 2213 2627 2259 mox

278 2294 462 2360 matri
512 2314 581 2359 se
635 2292 946 2379 praeferre
1001 2313 1202 2379 eaque
1254 2295 1334 2360 de
1380 2317 1576 2363 causa
1623 2297 1914 2364 Orestem
1966 2317 2034 2361 se
2084 2294 2250 2359 tueri
2297 2296 2623 2358 asseverat.

278 2391 460 2457 Hanc
498 2409 642 2455 esse
676 2389 763 2455 ait
802 2389 1003 2471 ipsius
1028 2389 1200 2456 Jovis
1232 2393 1627 2471 sententiam,
1668 2393 1827 2460 hanc
1855 2392 2046 2459 eheu!
2090 2388 2337 2478 quantis
2365 2384 2624 2472 argutiis

279 2485 574 2563 defendit,
617 2493 689 2552 ut
715 2486 993 2571 sophista
1025 2487 1238 2568 potius
1267 2507 1456 2574 quam
1488 2489 1643 2554 deus
1674 2509 1812 2554 esse
1832 2488 2111 2555 videatur
2152 2486 2289 2570 (Eu.
2310 2489 2428 2551 657
2450 2481 2623 2568 seq..)

277 2583 393 2648 His
433 2602 582 2649 vero
624 2582 936 2647 simillima
977 2591 1123 2649 sunt
1160 2583 1479 2651 Minervae
1521 2592 1899 2669 argumenta.
1982 2583 2199 2649 Virum
2241 2581 2394 2647 haec
2435 2578 2624 2644 femi-

278 2700 443 2757 nae,
457 2678 751 2744 maritum
790 2679 971 2745 uxori
1015 2678 1360 2765 praeponit,
1401 2678 1562 2745 hanc
1603 2681 1685 2745 ob
1727 2687 1860 2746 rem
1901 2688 1968 2746 et
2006 2680 2143 2761 ipsa
2185 2686 2309 2745 stat
2343 2678 2420 2743 ab
2449 2676 2620 2743 Ore—

277 2774 390 2840 stis
443 2773 724 2859 partibus
778 2781 843 2838 et
890 2773 948 2838 ei
1000 2774 1216 2839 salutis
1267 2774 1748 2841 conciliatricem
1799 2797 1869 2842 se
1922 2783 2198 2861 praestat
2248 2778 2396 2859 (734
2436 2772 2620 2857 seq.).

278 2870 506 2954 Negari
540 2869 795 2935 omnino
822 2868 1045 2955 nequit
1072 2890 1321 2937 causam
1350 2869 1595 2936 Orestis
1628 2893 1763 2958 per
1801 2893 1879 2937 se
1905 2872 2230 2939 iustiorem
2261 2890 2398 2935 esse
2431 2887 2622 2954 quam

280 3057 471 3103 trustra
513 3058 580 3103 ad
625 3058 755 3104 alios
799 3056 1174 3112 provocaveris.
1258 3058 1315 3103 ld
1361 3057 1491 3105 enim
1525 3080 1597 3091 --
1633 3060 1794 3108 fateor
1829 3081 1902 3093 -·-
1946 3059 2125 3108 accidit
2169 3060 2377 3116 poetae,
2422 3061 2477 3104 ut
2520 3064 2622 3102 non

277 3137 477 3181 semper
523 3127 751 3192 angustis
798 3126 936 3172 hisce
983 3127 1157 3174 finibus
1202 3127 1464 3175 Furiarum
1511 3136 1739 3177 naturam
1783 3133 2052 3178 coerceret.
2124 3130 2270 3176 Licet
2311 3129 2462 3183 igitur
2499 3125 2619 3171 alibi

275 3197 338 3243 de
374 3207 434 3243 se
468 3187 614 3252 plura
652 3201 700 3242 et
735 3199 906 3253 paullo
942 3197 1149 3243 meliora
1178 3199 1480 3255 praedicent,
1515 3200 1569 3244 id
1605 3212 1800 3255 semper
1835 3201 2098 3246 tenendum
2135 3199 2243 3255 erit,
2279 3198 2406 3252 quod
2446 3198 2621 3243 contra

277 3267 561 3322 Apollinem
600 3273 716 3314 sunt
751 3268 1033 3318 confessae.
1068 3289 1143 3299 —-
1187 3272 1358 3322 Neque
1405 3270 1531 3315 adeo
1575 3281 1706 3325 quae
1742 3275 2005 3326 praeterea
2041 3270 2139 3317 sibi
2174 3269 2419 3324 adrogant
2454 3269 2518 3313 ab
2554 3276 2617 3312 eo

275 3338 520 3385 differunt.
583 3340 735 3386 Immo
766 3339 946 3396 optime
981 3340 1027 3387 is
1060 3341 1207 3387 locus
1244 3339 1485 3397 congruit,
1524 3341 1608 3387 ubi
1643 3342 1802 3387 denuo
1841 3342 1902 3387 de
1935 3341 2146 3389 consilio
2182 3340 2313 3395 quod
2345 3341 2618 3394 sequantur

277 3407 442 3454 oresti
479 3411 782 3463 respondent
822 3406 1205 3464 (eos—605).
1277 3411 1554 3464 Propterea
1602 3411 1730 3456 euim
1773 3414 1819 3457 1ι.
1855 3414 1888 3460 l.
1929 3413 2376 3466 Clytaemnestram
2423 3421 2481 3456 se
2517 3419 2617 3455 non

276 3488 395 3523 esse
430 3483 728 3533 persecutas
762 3478 979 3525 fatentur
1013 3481 1146 3534 quod
1182 3490 1327 3533 quem
1364 3490 1426 3526 ea
1460 3482 1789 3541 interfecerit,
1825 3494 1925 3529 non
1960 3483 2205 3538 sanguine
2240 3481 2288 3526 ei
2324 3482 2616 3534 coniunctus

275 3548 443 3597 tuerit.
499 3552 605 3596 Nec
640 3560 770 3604 quae
805 3548 958 3597 antea
992 3552 1053 3597 de
1087 3550 1247 3597 officio
1284 3559 1378 3598 suo
1415 3558 1465 3597 et
1498 3563 1702 3600 munere
1736 3557 1935 3614 canunt,
1972 3564 2086 3601 cum
2120 3551 2261 3598 hisee
2296 3550 2491 3597 omnmo
2515 3558 2612 3592 non

278 3620 593 3666 conveniunt.
663 3621 916 3667 Patronus
955 3620 1083 3668 enim
1113 3621 1333 3667 iustitiae
1368 3622 1669 3678 saepissime
1705 3624 1816 3669 inde
1853 3635 1886 3669 a
1923 3634 2077 3670 versu
2115 3618 2219 3670 490
2257 3632 2313 3667 se
2349 3617 2612 3673 professae

274 3699 507 3745 magnam
554 3690 716 3743 qualis
763 3691 830 3736 sit
875 3691 964 3737 illa
1009 3692 1202 3738 iustitia
1247 3692 1591 3746 quaestionem
1637 3694 1932 3748 relinquunt.
1999 3695 2151 3738 Immo
2187 3702 2285 3736 non
2310 3688 2611 3747 relinquunt,

276 3761 366 3807 sed
403 3760 558 3816 primo
596 3763 708 3807 loco
745 3760 795 3806 in
831 3763 1268 3809 commemorandis
1315 3763 1527 3819 singulis
1564 3765 1737 3811 officiis
1772 3769 2038 3819 postquam
2072 3762 2304 3818 pietatem
2345 3758 2609 3815 perhibue-

276 3834 390 3877 runt
422 3832 717 3886 parentibus
753 3835 906 3888 probe
942 3834 1311 3894 praestandam,
1348 3835 1555 3892 hospitii
1589 3835 1800 3884 officium
1835 3834 2055 3880 secundo
2090 3835 2201 3879 loco
2240 3835 2443 3887 ponuat.
2515 3831 2609 3877 Vi-

276 3903 430 3948 desne
458 3903 564 3957 jam
600 3902 771 3958 quanti
807 3903 857 3948 id
894 3903 957 3950 sit
996 3905 1259 3952 momenti?
1330 3906 1513 3954 Annon
1559 3911 1732 3963 gentes
1778 3904 2149 3952 crudelissimae
2185 3912 2412 3958 quaeque
2448 3905 2497 3948 et
2532 3913 2611 3949 ru·

275 3970 510 4018 dissimae
547 3973 899 4028 hospitalitatis
935 3974 1049 4022 iura
1086 3975 1402 4024 sanctissime
1438 3979 1644 4025 colunt?
1718 3978 1897 4023 Annon
1945 3975 2028 4028 qui
2063 3985 2156 4021 nec
2192 3974 2285 4020 fide
2321 3976 2482 4020 adhuc
2518 3984 2609 4017 nec

276 4044 390 4099 lege
425 4042 476 4089 in
513 4044 730 4091 ordinem
767 4050 816 4091 et
851 4051 1042 4093 certam
1077 4047 1380 4103 reipublicae
1414 4050 1622 4096 formam
1657 4049 1915 4104 venerunt,
1953 4047 2052 4092 hac
2086 4049 2249 4093 tamen
2286 4051 2410 4102 erga
2442 4040 2611 4095 nospi-

275 4118 354 4160 tes
389 4113 483 4160 dde
518 4114 600 4170 pie
635 4118 887 4162 servanda
920 4117 1241 4165 humanitatis
1287 4116 1435 4172 quasi
1472 4120 1630 4176 prima
1665 4116 1880 4172 vestigia
1918 4118 2216 4166 ostendunt?
2288 4120 2426 4163 llaec
2460 4112 2608 4166 igitur

276 4188 354 4229 est
402 4183 594 4231 iustitia
638 4184 751 4243 illa,
800 4191 927 4234 haee
974 4189 1278 4234 humanioris
1322 4190 1457 4235 vitae
1503 4189 1644 4234 initia
1689 4192 1751 4235 ab
1787 4187 2136 4234 Eumenidibus
2178 4190 2290 4236 sola
2324 4182 2607 4238 laudantur,

274 4256 392 4300 sola
427 4255 765 4302 defenduntur.
835 4260 1023 4305 Verum
1060 4258 1105 4304 sl
1149 4260 1426 4313 paullulum
1462 4268 1809 4313 nonnunquam
1846 4259 1996 4304 altius
2032 4259 2180 4304 etiam
2216 4255 2509 4308 assurgunt,
2558 4251 2606 4295 id

275 4326 448 4373 eadem
482 4326 730 4381 sapientia
777 4331 841 4373 ab
876 4329 1137 4384 Aeschylo
1185 4328 1460 4375 institutum
1498 4340 1614 4375 esse
1650 4339 1946 4384 persuasum
1980 4332 2171 4376 habeas
2207 4335 2306 4379 qua
2342 4322 2521 4375 ubique
2556 4321 2606 4367 in

277 4395 430 4442 rebus
474 4398 562 4444 vei
608 4395 825 4445 maxime
870 4397 966 4446 sibi
1012 4398 1257 4455 oppositis
1303 4399 1520 4453 aliquam
1568 4400 1765 4447 futurae
1811 4396 2172 4447 conciliationis
2207 4393 2402 4447 copiam
2437 4391 2606 4437 inesse

272 4466 447 4512 voluit.
522 4467 661 4522 Quod
706 4466 805 4515 nisi
849 4468 1060 4515 alterins
1104 4468 1179 4514 rei
1226 4472 1455 4517 naturam
1504 4471 1562 4516 ad
1609 4471 1816 4519 alterius
1853 4465 2207 4525 quodammodo
2243 4459 2606 4509 similitudinem

272 4537 511 4585 accedere
546 4537 800 4599 finxisset,
838 4539 943 4588 deri
976 4549 1075 4586 non
1112 4537 1286 4595 potuit.
