2978 4869
1210 200 1653 263 ...33-

263 371 533 438 miseriis
576 369 762 436 animi
804 367 1217 436 inconstantia
1257 376 1323 434 et
1362 369 1600 454 ignavia
1642 368 1743 454 (ih.
1787 373 1905 435 692
1946 371 2076 455 sq.).
2119 375 2441 455 Agnoscas
2483 372 2604 459 igi-

261 476 369 534 tur
410 488 663 534 necesse
704 473 800 533 est
837 473 1064 548 poetae
1093 485 1345 531 manum
1388 465 1450 530 id
1493 464 1730 549 agentis
1771 470 1844 530 ut
1870 486 2055 532 suum
2085 466 2312 552 cuique
2350 468 2601 534 tribuat.

263 564 402 628 Jam
445 562 522 628 de
563 562 755 628 choro
797 562 932 648 ipse
974 561 1154 648 quasi
1195 561 1476 628 ultimam
1520 561 1889 627 sententiam
1933 561 2096 627 dicit.
2178 563 2294 627 Est
2347 564 2403 628 is
2446 564 2602 630 alie-

260 680 382 737 nus
424 680 461 723 a
499 680 566 723 re
597 656 930 723 dramatica
972 678 1089 722 nec
1117 656 1238 723 nisi
1279 657 1516 743 abjecta
1558 678 1671 723 sua
1710 664 1930 724 natura
1963 678 2207 723 summo
2248 660 2603 743 tragoediae

262 753 528 821 consilio
565 761 777 840 potest
814 752 1213 840 respondere.
1296 754 1376 820 Ut
1427 752 1764 839 plurimum
1814 753 2027 838 itaque
2066 753 2439 819 Prem'etheo
2480 754 2603 821 ho-

182 859 199 867 '
259 871 477 915 norem
521 849 801 915 vindicet
839 856 904 914 et
941 848 1257 915 interitum
1296 848 1432 934 ejus
1459 848 1679 916 festivo
1706 846 2037 935 splendore
2064 856 2324 916 exornet
2364 849 2442 914 ad
2481 852 2604 916 sata

260 945 396 1032 ejus
444 945 778 1012 mulierum
831 943 956 1009 fata
1007 944 1349 1031 Aeschylus
1400 944 1688 1010 annectit.
1768 943 1980 1010 Vincit
2017 945 2175 1011 adeo
2225 945 2289 1010 in
2340 945 2462 1011 line
2497 945 2603 1014 ‘vis

240 1042 488 1127 tragica
528 1048 602 1107 ut
641 1041 897 1128 lyricum
939 1062 1124 1107 omne
1166 1041 1456 1107 solatium
1500 1047 1950 1106 contemnatur.

416 1138 702 1203 Alterum
755 1137 1108 1223 exemplum
1172 1137 1357 1204 divini
1420 1136 1591 1202 chori
1648 1135 2001 1204 Nereides
2066 1143 2229 1202 sunt.
2319 1138 2602 1203 Tertium

257 1234 570 1299 Titanes
613 1232 721 1319 qui
762 1233 1021 1299 chorum
1064 1241 1557 1315 composuerunt
1597 1233 1659 1298 in
1701 1231 2077 1298 Prometheo
2119 1231 2345 1298 soluto.
2403 1233 2454 1296 F
2456 1253 2603 1318 rag-

256 1336 470 1395 mento
521 1335 634 1395 181
680 1350 866 1416 quam
909 1328 1095 1394 fuerit
1137 1329 1354 1394 similis
1396 1330 1621 1395 horum
1670 1328 1944 1395 conditio
1986 1350 2129 1394 cum
2160 1326 2604 1394 Oceanitidum

257 1425 613 1490 conditione
656 1424 842 1489 modo
886 1423 1127 1489 exosita
1163 1424 1382 1489 discaS.
1460 1427 1625 1492 Num
1669 1424 1890 1489 eodem
1933 1424 2119 1489 modo
2161 1423 2602 1490 Oceanitidum

257 1518 593 1604 (Welek.)
636 1529 744 1585 aut
785 1519 1123 1606 Cyclopum
1174 1519 1491 1606 (DroyS.)
1544 1527 1653 1586 aut
1692 1518 1802 1605 qui
1843 1518 2000 1583 alius
2042 1519 2279 1601 primae
2320 1520 2602 1606 ejusdem

254 1615 535 1700 trilogiae
577 1615 823 1682 fabulae
865 1615 1095 1682 chorus
1135 1615 1385 1683 additus
1426 1624 1589 1696 erat,
1641 1636 1710 1681 se
1751 1614 2057 1694 habuerit,
2098 1614 2392 1702 equidem
2433 1614 2602 1681 haud

252 1711 656 1797 dijudicarim.

419 1807 547 1884 Set,
588 1815 663 1873 ut
701 1807 823 1872 iam
863 1805 1152 1885 vidimuS,
1204 1807 1373 1873 haud
1423 1809 1498 1872 ea
1539 1807 1602 1872 in
1643 1807 1979 1893 tragoediis
2021 1808 2309 1896 Aeschyli
2351 1816 2449 1873 est
2488 1828 2600 1874 or-

255 1898 538 1968 chestrae
589 1909 780 1988 atque
833 1924 1056 1969 scenae
1105 1911 1323 1971 mutua
1378 1902 1681 1980 conditio,
1742 1910 1816 1969 ut
1873 1903 2024 1969 nihil
2086 1905 2151 1969 in
2211 1905 2313 1969 illa
2364 1915 2600 1989 agatur,

255 1998 425 2083 quod
474 1999 553 2062 ad
603 1998 956 2083 tragoediae
1012 1999 1343 2065 decursum
1395 1999 1730 2085 pertineat,
1779 1998 1932 2066 nihil
1973 1999 2039 2064 in
2081 1999 2195 2065 hac
2236 2000 2371 2077 fiat,
2428 2001 2600 2086 quod

253 2092 428 2158 chori
482 2092 753 2178 partium
802 2094 1015 2180 potius
1067 2093 1337 2181 speciem
1399 2117 1550 2181 prae
1613 2116 1680 2160 se
1742 2094 1900 2160 ferat
1957 2094 2051 2180 (cf.
2097 2100 2153 2174 S.
2205 2097 2284 2180 2.)
2375 2097 2600 2161 Exstat

251 2189 642 2274 praeclarum
700 2188 888 2275 hujus
947 2190 1038 2254 rei
1101 2191 1458 2272 exemplum
1512 2191 1575 2254 in
1624 2190 1815 2257 choro
1865 2192 2306 2258 Eumenidum.
2397 2192 2602 2271 Quasi

248 2285 534 2369 duplices
585 2293 794 2370 partes
846 2285 947 2349 hic
998 2294 1448 2369 repraesentat.
1537 2287 1865 2353 Pertinent
1914 2288 2081 2354 enim
2131 2289 2355 2354 Furiae
2408 2309 2597 2375 quam

249 2380 522 2447 maxime
565 2380 643 2445 ad
686 2380 893 2466 ipsum
935 2381 1290 2465 tragoediae
1340 2390 1793 2468 argumentum.
1874 2386 1947 2449 In
1998 2383 2374 2462 discrimine,
2426 2385 2599 2470 quod

247 2478 411 2542 inter
450 2477 669 2543 Furias
713 2476 1043 2543 intercedit
1083 2485 1147 2542 et
1186 2476 1339 2543 deos
1380 2479 1781 2558 recentioreS,
1821 2479 2207 2546 conciliando
2247 2479 2597 2564 tragoediae
2661 2545 2666 2548 ,

246 2594 553 2638 summam
605 2594 745 2639 esse
796 2573 1095 2660 positam,
1147 2573 1559 2640 certissimum
1611 2583 1724 2640 est.
1808 2574 1934 2640 Sed
1982 2595 2110 2640 non
2159 2574 2399 2659 agendo
2449 2582 2595 2640 tan-

246 2676 403 2746 tum,
446 2669 556 2733 sed
595 2669 683 2734 ita
725 2669 907 2735 simul
950 2669 1014 2734 in
1054 2668 1158 2734 illa
1200 2669 1522 2736 inimicitia
1564 2677 1907 2757 mutuaque
1949 2670 2056 2736 lite
2096 2679 2446 2749 versantur,
2500 2679 2592 2748 ut,

248 2765 402 2850 quid
455 2765 624 2849 ipsae
678 2765 754 2829 de
806 2786 881 2829 ea
935 2764 1228 2842 sentiant,
1292 2768 1610 2850 quomodo
1664 2787 1738 2832 ea
1787 2775 2180 2843 moveantur,
2242 2767 2318 2831 ab
2371 2766 2594 2851 agendi

246 2859 604 2925 conditione
648 2860 826 2945 quasi
867 2858 1263 2937 recedenteS,
1317 2860 1604 2925 canendo
1653 2869 1981 2947 exponant.
2064 2860 2391 2946 Duplicem
2432 2860 2595 2925 hanc

244 2955 467 3041 agendi
521 2955 910 3042 canendique
960 2955 1266 3022 rationem
1318 2976 1460 3021 cum
1514 2956 1790 3042 ipsarum
1854 2963 2073 3022 natura
2135 2956 2369 3041 optime
2432 2975 2592 3023 con-

246 3071 472 3136 gruere
514 3059 703 3136 patet.
785 3053 900 3116 Est
939 3052 1104 3117 enim
1145 3051 1320 3117 notio
1357 3050 1714 3136 gravissima
1755 3074 1943 3139 quam
1984 3052 2062 3117 ad
2088 3051 2308 3117 Furias
2349 3060 2591 3118 veteres

246 3146 626 3212 deferebant.
710 3146 1071 3213 Certissimo
1124 3147 1395 3233 quodam
1447 3155 1512 3211 et
1551 3147 1870 3213 verissimo
1912 3146 2265 3211 discrimine
2309 3146 2440 3211 deis
2482 3168 2590 3212 re-

244 3242 631 3310 centioribus
692 3249 839 3307 sunt
900 3243 1242 3329 oppositae.
1324 3241 1441 3306 Est
1485 3262 1676 3328 porro
1723 3241 1813 3307 vis
1876 3262 2090 3307 earum
2149 3248 2282 3307 tota
2345 3241 2409 3306 in
2472 3263 2589 3306 ex-

243 3339 563 3426 sequenda
602 3338 839 3404 ultione
881 3339 1113 3424 posita,
1167 3337 1254 3403 ita
1301 3345 1374 3403 ut
1421 3343 1486 3401 et
1526 3357 1709 3422 agere
1750 3338 1984 3424 optime
2026 3338 2117 3404 eis
2160 3337 2484 3405 conveniat
2525 3347 2591 3404 et

242 3443 317 3501 ut
355 3436 490 3520 ipsa
531 3441 750 3498 natura
791 3433 868 3499 ad
908 3432 1208 3517 tragicum
1250 3432 1402 3500 illud
1444 3440 1659 3499 contra
1687 3434 1839 3499 deos
1866 3433 2243 3499 recentiores
2272 3440 2588 3498 certamen

242 3551 350 3596 eas
402 3529 669 3596 deducat
697 3564 779 3576 -
807 3529 1017 3594 Altera
1065 3549 1211 3594 vero
1265 3549 1343 3593 ex
1392 3537 1566 3613 parte
1618 3550 1690 3593 ea
1741 3529 1875 3614 ipsa
1930 3519 2149 3595 natura
2199 3528 2431 3613 majore
2483 3527 2586 3591 di-

244 3627 479 3712 gnitate
531 3647 637 3692 eas
688 3626 900 3710 privat.
985 3623 1104 3689 Vix
1155 3623 1320 3690 enim
1370 3624 1590 3709 dignae
1653 3624 1966 3701 videntur,
2028 3644 2190 3708 quae
2253 3643 2378 3688 una
2440 3644 2584 3688 cum

241 3723 503 3789 summis
545 3721 678 3787 deis
721 3721 785 3786 in
826 3740 1011 3786 scena
1050 3728 1414 3804 appareant,
1466 3726 1532 3783 et
1582 3719 1802 3785 eodem
1855 3739 1982 3805 quo
2030 3718 2132 3783 isti
2184 3717 2406 3802 agendi
2443 3717 2584 3804 jure

242 3818 545 3884 fruantur.
635 3818 856 3905 Neque
906 3816 971 3880 id
1021 3822 1242 3897 postea
1300 3815 1376 3879 ab
1426 3815 1733 3902 Aeschylo
1792 3815 1868 3879 iis
1930 3834 2298 3879 concessum
2362 3822 2460 3880 est
2520 3824 2585 3882 et

239 3912 583 3999 Sophocles
623 3920 865 3978 tantum
906 3910 1020 3976 hac
1062 3910 1124 3975 in
1168 3931 1235 3976 re
1276 3911 1353 3977 ab
1397 3910 1563 3976 illius
1605 3910 1947 3977 imitatione
1984 3910 2187 3989 abest,
2228 3916 2302 3977 ut
2340 3933 2586 3979 summa

239 4030 385 4084 cum
427 4006 726 4090 religione
769 4009 862 4074 vix
905 4028 1127 4075 vocare
1170 4027 1276 4073 eas
1318 4007 1550 4073 nedum
1580 4007 1911 4073 ostendere
1940 4006 2182 4073 audeat.
2250 4009 2367 4074 Est
2392 4028 2580 4094 prae-

235 4114 408 4170 terea
450 4101 822 4168 infirmitatis
864 4123 1079 4168 earum
1122 4103 1549 4170 testimonium
1600 4101 1770 4188 quod
1813 4103 2046 4170 nullam
2088 4104 2395 4191 singulae,
2436 4122 2579 4165 om-

238 4222 384 4267 nem
424 4198 856 4265 tantummodo
899 4198 1265 4285 conjunctae
1305 4198 1736 4265 auctoritatem
1780 4199 1894 4278 sibi
1924 4200 2240 4286 adrogant.
2309 4198 2379 4261 Id
2409 4196 2580 4280 quod

238 4297 356 4363 soli
408 4317 524 4378 per
573 4315 640 4360 se
691 4294 966 4380 Apollini
1015 4296 1372 4380 pariterque
1416 4293 1735 4360 Minervae
1797 4298 2083 4384 contigit,
2141 4304 2214 4360 ut
2275 4312 2579 4373 personae

236 4393 446 4458 locum
490 4399 758 4477 uterque
801 4390 1097 4476 expleret,
1141 4391 1201 4455 id
1237 4389 1562 4456 universae
1593 4393 2025 4458 tantummodo
2055 4388 2221 4473 gregi
2250 4386 2579 4451 Furiarum

237 4508 602 4553 concessum
657 4494 769 4553 est.
860 4485 1159 4552 Effieiunt
1213 4484 1440 4550 multae
1496 4486 1673 4573 quasi
1727 4508 1911 4554 unam
1963 4501 2324 4568 personam;
2387 4480 2576 4546 altera

2116 4581 2151 4634 3
