2978 4869
1364 211 1804 277 ...13-

405 373 648 456 ήσειεν.
698 376 794 443 ἄν
846 403 967 456 τις,
1026 365 1173 444 οἷον
1231 377 1544 465 λέγοντές
1598 405 1817 465 φασιν
1872 383 2175 447 ἐκπεσεῖν
2219 382 2473 461 αὐτᾶς,
2509 384 2577 466 “τῖ
2620 385 2751 451 οὐκ

404 469 646 537 εἰδέναι
672 471 773 536 ὅτι
800 469 1132 555 οἶπόςῖᾇητα
1160 459 1265 554 ἦν,
1296 472 1502 557 ὥσπερ
1522 470 1871 557 Αἰσχύλος
1889 472 1975 541 τὰ
1994 475 2323 559 μυστικά,
2366 476 2596 560 quibus
2625 499 2752 546 non

406 566 469 631 id
513 565 803 643 efficitur,
854 566 1111 653 mystica
1152 566 1523 654 Aeschylum
1567 569 1823 635 omnino
1865 569 2212 653 ignorasse,
2262 569 2374 636 sed
2413 592 2574 657 quae
2613 573 2751 659 ipse

405 661 769 747 protulisset
810 682 885 726 ea
925 660 1099 727 nefas
1139 684 1277 729 esse
1318 663 1614 745 proferre.
1690 664 1894 752 Major
1933 683 2078 732 vero
2121 665 2198 732 de
2240 666 2375 751 ipsa
2415 666 2518 732 illa
2557 689 2750 737 accu-

405 756 646 822 satione
689 757 972 843 quaestio
1014 759 1231 825 oritur.
1306 759 1486 839 Quos
1530 759 1696 825 enim
1723 769 2046 842 praeterea
2088 760 2223 848 ejus
2263 762 2356 829 rei
2397 770 2591 831 testes
2630 763 2751 830 ha-

400 853 653 931 bemus,
715 852 756 916 ii
812 852 1034 938 partim
1085 876 1197 940 per
1248 877 1315 921 se
1360 876 1486 921 non
1529 854 1719 921 nimia
1761 856 2030 940 gaudent
2078 858 2473 936 auctoritate,
2526 860 2750 944 partim

376 949 540 1034 dpsa
590 948 942 1013 narratione
1006 950 1191 1017 fidem
1253 951 1371 1017 sibi
1426 952 1732 1018 minuunt.
1815 950 2106 1021 Criminis
2169 952 2457 1021 videlicet
2506 956 2748 1022 veniam

400 1043 711 1109 Heraclid.
753 1044 934 1109 Pont.
976 1046 1177 1133 (cuius
1217 1047 1645 1113 testimonium
1685 1048 1958 1113 Eustrat.
2006 1049 2186 1113 affert
2230 1049 2308 1114 ad
2349 1050 2556 1119 locum
2597 1051 2748 1117 Ari-

402 1138 643 1205 stotelis
684 1160 872 1226 supra
914 1140 1262 1225 laudatum)
1313 1163 1450 1208 eam
1502 1144 1584 1208 ob
1636 1163 1886 1211 causam
1925 1142 2298 1229 Aeschylum
2347 1146 2497 1212 dicit
2542 1145 2748 1234 impe-

399 1242 628 1314 trasse,
680 1235 852 1322 quod
909 1243 974 1300 et
1021 1236 1157 1317 ipse
1196 1237 1457 1304 vulnere
1502 1246 1662 1304 teste
1716 1239 1960 1304 fortiter
2009 1239 2086 1304 ad
2133 1239 2566 1307 Marathonem
2621 1262 2748 1327 pu-

399 1339 652 1416 gnasset
691 1339 755 1395 et
792 1350 1014 1396 manus
1056 1331 1120 1396 in
1161 1354 1371 1419 pugna
1411 1332 1602 1401 frater
1636 1333 2016 1421 Cynaegirus
2058 1334 2450 1421 perdidisset.
2531 1337 2748 1402 Aelia-

395 1447 521 1492 nus
562 1432 779 1491 contra
818 1426 892 1491 V.
934 1426 1012 1490 Η.
1052 1431 1111 1506 5,
1154 1435 1249 1495 19.
1300 1428 1637 1516 impietatis
1677 1467 1759 1477 —
1798 1430 1876 1494 de
1916 1430 2178 1514 vulgatis
2227 1431 2393 1497 enim
2434 1432 2747 1519 mysteriis

399 1541 528 1587 non
569 1521 849 1608 loquitur
874 1557 956 1567 —
986 1532 1344 1591 accusatum
1386 1532 1451 1590 et
1492 1525 1639 1609 quia
1677 1544 1898 1588 manus
1927 1523 2172 1607 jactura
2212 1527 2290 1589 ab
2328 1527 2574 1591 Aminia
2615 1526 2746 1593 fra-

397 1624 491 1682 tre
531 1616 819 1704 Aeschyli
860 1617 1100 1683 minore
1151 1619 1217 1682 in
1258 1639 1467 1704 pugna
1509 1617 1844 1683 Salaminia
1883 1617 2043 1683 sacta
2075 1617 2321 1703 judices
2364 1620 2746 1686 commovis-

398 1720 513 1789 set,
555 1712 913 1777 absolutum
950 1731 1089 1776 esse
1130 1712 1334 1778 tradit.
1395 1713 1657 1805 Fuerint
1697 1734 1847 1778 sane
1889 1712 1967 1778 ad
2007 1713 2338 1780 movendas
2381 1713 2521 1779 lites
2562 1714 2745 1799 proni

396 1805 876 1872 Atheniensium
918 1806 1128 1885 animi,
1170 1808 1339 1894 quod
1380 1809 1482 1873 Bo
1499 1809 1628 1873 ecl(
1644 1807 1814 1873 hius
1859 1808 2176 1893 monuit')‚
2217 1808 2368 1896 quid
2408 1807 2529 1874 hoc
2561 1806 2747 1873 faciat

396 1902 476 1967 ad
519 1901 1040 1988 comprobandam
1081 1903 1288 1988 potius
1328 1902 1650 1969 historiam
1691 1922 1879 1989 quam
1917 1910 1994 1968 ut
2029 1911 2229 1970 ortam
2270 1924 2407 1969 eam
2451 1926 2528 1968 ex
2569 1924 2745 1968 more

399 1999 520 2065 isto
561 1997 1037 2064 Atheniensium
1076 2006 1404 2085 putemuS,
1453 2020 1570 2084 ego
1613 2019 1740 2064 non
1782 1997 1978 2065 video.
2061 1999 2351 2064 Potuisse
2400 2019 2547 2065 vero
2597 1999 2746 2063 oriri

397 2094 605 2160 statim
648 2094 951 2161 concedat
988 2115 1245 2160 necesse
1288 2101 1411 2171 est,
1453 2094 1564 2181 qui
1607 2094 1684 2159 de
1725 2094 1782 2160 vi
1826 2094 2203 2178 cogitaverit,
2247 2115 2406 2180 quae
2447 2094 2513 2158 in
2554 2114 2753 2160 accu—·

397 2190 639 2255 satione
700 2189 810 2254 tali
873 2196 938 2254 et
985 2190 1165 2257 venia
1222 2212 1258 2255 a
1301 2190 1619 2275 judicibus
1671 2209 1968 2255 concessa
2030 2190 2110 2254 sit
2158 2190 2377 2276 posita.
2465 2189 2747 2255 Primum

395 2285 564 2351 enim
606 2291 842 2371 quanto
895 2307 973 2350 eo
1016 2294 1254 2352 crescat
1291 2284 1562 2351 hominis
1604 2283 1868 2370 dignitas
1922 2285 1974 2349 si
2017 2284 2292 2350 criminis
2333 2306 2534 2372 poena
2574 2284 2745 2369 digni

393 2386 657 2469 propter
696 2381 986 2448 virtutem
1028 2381 1300 2468 aliquam
1344 2380 1602 2447 crimine
1646 2380 2033 2463 superiorem
2075 2380 2390 2460 liberetur,
2430 2380 2571 2469 quis
2616 2400 2744 2446 non

395 2477 602 2545 videt?
652 2477 805 2543 Inde
848 2477 1014 2543 enim
1056 2486 1289 2564 quanta
1331 2478 1412 2543 sit
1449 2478 1645 2545 virtus
1687 2477 1789 2543 illa
1830 2478 2064 2558 optime
2107 2477 2563 2561 comprobatur.
2625 2475 2744 2541 Vix

396 2593 558 2659 opus
601 2581 716 2651 est,
754 2580 829 2638 ut
848 2572 1181 2659 Sophoclis¹
1196 2573 1582 2639 mentionem
1614 2571 1832 2638 faciam
1876 2572 1975 2637 cui
2017 2571 2081 2636 ni
2117 2571 2296 2637 l'allor
2324 2571 2488 2638 diem
2518 2572 2744 2637 dictam

396 2687 539 2733 esse
577 2673 911 2754 propterea
960 2668 1304 2745 finxerunt,
1365 2674 1436 2733 ut
1477 2668 1701 2752 po’esin
1742 2667 1892 2754 ejus‘
1916 2667 2013 2734 vel
2053 2667 2132 2731 de
2183 2666 2413 2732 sorensi
2465 2667 2744 2753 periculo

396 2762 883 2849 triumphantem
925 2762 1307 2829 deducerent
1328 2763 1414 2848 ”).
1475 2765 1717 2829 Eodem
1760 2764 1947 2830 modo
1991 2762 2091 2828 illa
2118 2761 2410 2844 Aeschyli
2451 2762 2557 2827 lite
2599 2769 2744 2827 tan-

393 2866 530 2926 tum
579 2859 642 2923 id
681 2858 917 2937 valere,
979 2860 1151 2946 quod
1201 2881 1316 2945 pro
1366 2860 1567 2946 patria
1617 2859 1758 2946 quis
1823 2879 2045 2946 passus
2099 2859 2179 2922 sit
2240 2867 2315 2923 ut
2367 2864 2745 2924 contractam

396 2955 586 3019 etiarn
654 2961 870 3018 contra
932 2955 1106 3018 Deos
1178 2955 1425 3035 culpam
1506 2961 1787 3041 superet,
1869 2952 2235 3018 ostenditur.
2355 2954 2515 3017 Tum
2592 2972 2740 3018 vero

397 3055 786 3136 quantopere
838 3069 997 3113 nova
1047 3056 1112 3113 et
1159 3049 1406 3114 insolita
1456 3050 1714 3115 omnino
1767 3049 1845 3113 de
1896 3048 2054 3113 Deis
2099 3047 2378 3114 doctrina
2427 3048 2744 3133 vulgarem

395 3144 759 3233 opinionem
800 3144 1128 3211 offenderit
1166 3144 1373 3231 potuit
1415 3145 1532 3212 sub
1577 3144 1849 3209 criminis
1889 3144 2277 3229 vulgatorum
2304 3144 2742 3232 mysteriorum

396 3240 597 3306 forma
638 3240 846 3306 fabula
887 3240 1161 3305 indicari.
1242 3240 1503 3306 Accedit
1556 3239 1725 3325 quod
1767 3239 1950 3303 simili
1992 3239 2230 3304 ratione
2270 3239 2603 3327 Euripides
2647 3247 2743 3304 est

397 3342 746 3412 accusatuS,
788 3334 851 3397 id
894 3336 1062 3420 quod
1103 3334 1341 3401 facilius
1384 3335 1695 3400 credimus
1717 3333 1827 3418 '‘*'‘).
1847 3369 1927 3381 —-
1953 3333 2386 3420 Suspicionem
2418 3342 2742 3421 praeterea

399 3429 774 3512 scriptorum
827 3429 1133 3494 dissensio
1183 3437 1388 3515 auget.
1494 3429 1870 3516 Hauptius
1926 3429 2091 3495 enim
2144 3451 2341 3517 quum
2392 3430 2480 3495 ita
2529 3452 2741 3517 quon-

398 3528 540 3593 dam
594 3533 658 3591 et
696 3525 1041 3591 Heraclidis
1090 3533 1153 3591 et
1203 3525 1445 3591 Aeliani
1506 3525 1857 3591 auctoritati
1909 3526 2234 3592 consulere
2285 3526 2608 3606 voluisset,
2671 3535 2744 3592 ut

395 3631 737 3709 utrumque
780 3620 1030 3686 fratrem
1062 3620 1472 3708 Cynaegirum
1516 3630 1578 3686 et
1601 3621 1911 3686 Aminiam
1954 3620 2260 3707 Aeschylo
2303 3622 2740 3707 deprecatores

399 3718 651 3784 affiiisse
705 3719 1081 3802 censeret†)‚
1135 3740 1262 3783 non
1314 3718 1464 3785 vidit
1506 3724 1890 3805 quantopere
1932 3716 2048 3782 sibi
2092 3716 2226 3798 ipse
2271 3717 2739 3783 contradiceret.

401 3812 618 3891 Quum
661 3813 828 3880 enim
860 3813 1142 3879 neutrius
1183 3813 1367 3882 vellet
1406 3812 1593 3878 fidem
1623 3812 1940 3898 despicere
1969 3811 2298 3898 utriusque
2340 3812 2435 3879 vel
2476 3812 2739 3878 maxime

400 3907 596 3973 laesit.
666 3909 835 3987 Quid
878 3908 1084 3974 enim?
1125 3930 1330 3975 annon
1373 3909 1427 3974 is
1455 3908 1679 3973 melius
1720 3914 1933 3973 tuetur
1958 3906 2277 3987 scriptoris
2306 3909 2738 3975 auctoritatem

402 4004 511 4091 qui
552 4004 801 4069 nomine
844 4026 1030 4091 quam
1075 4006 1183 4092 qui
1234 4026 1302 4070 re
1354 4024 1499 4070 eum
1541 4003 1782 4089 lapsum
1836 4023 1974 4067 esse
2018 4003 2372 4069 contendit?
2448 4006 2543 4071 Re
2591 4025 2738 4071 vero

538 4220 597 4280 ¹⁸)
633 4228 692 4273 ln
727 4226 851 4274 libro
885 4228 1141 4276 notissimo
1179 4230 1259 4278 cut
1296 4228 1586 4285 inscriptum
1623 4233 1731 4275 est:
1769 4229 1995 4274 Graecae
2023 4226 2313 4289 tragoediae
2343 4226 2617 4284 principum
2641 4230 2733 4272 ete.

397 4307 512 4353 mx.
536 4295 638 4420 ἐξ
657 4372 929 4417 Locoshuc
940 4369 1242 4423 pertinentes
1257 4373 1583 4418 Hermann.
1607 4368 1829 4416 exhibuit
1847 4369 1897 4414 in
1921 4368 2231 4423 praefatione
2241 4368 2305 4416 ad
2326 4370 2479 4422 soph.
2493 4368 2613 4414 oed.
2627 4365 2734 4414 cel.

537 4431 642 4492 ⁸⁶⁶)
680 4439 811 4488 conf.
846 4441 1148 4488 Valcken.
1186 4440 1250 4486 ad
1286 4443 1402 4489 tur.
1440 4440 1639 4496 Hippot.
1678 4442 1743 4488 V.
1779 4436 1902 4488 812.

536 4502 602 4566 τ)
643 4512 675 4557 1.
713 4512 748 4559 1.
786 4521 902 4594 pag.
938 4507 1024 4559 58.
