2978 4869
1198 175 1639 238 -19-

250 346 410 428 lapsi
453 350 665 410 essent
707 351 771 410 et
809 343 1109 410 Aelianus
1151 353 1216 409 et
1254 343 1644 420 Heraclides,
1686 343 1739 408 si
1779 364 1977 410 unum
2018 345 2445 411 nominassent
2484 344 2594 410 uhi

249 444 381 507 duo
425 448 605 505 erant
650 439 1045 513 nominandi:
1096 439 1352 505 nomine
1406 447 1622 505 contra
1682 449 2023 519 errassent,
2083 441 2274 506 immo
2329 441 2598 506 sortasse

251 536 415 603 alter
461 543 703 602 tantum
752 543 1023 601 errasset
1072 534 1123 599 si
1168 534 1420 600 fratrem
1465 555 1664 600 unum
1707 535 2012 623 Aeschylo
2052 536 2297 622 patroni
2346 536 2486 601 loco
2528 535 2594 599 in

251 633 370 697 ista
409 632 516 696 lite
556 630 750 696 fuisse
800 638 999 708 recte,
1050 637 1330 696 ceterum
1372 638 1483 695 aut
1523 630 1846 717 Cynaegiri
1887 639 2006 697 aut
2033 631 2322 697 Aminiae
2359 650 2592 696 nomen

248 727 404 793 falso
447 726 854 792 exhibuisset.
937 725 1064 792 Sed
1113 727 1190 791 de
1232 726 1464 791 tuenda
1508 726 1883 807 scriptorum
1935 728 2182 793 illorum
2222 725 2592 793 auctoritate

249 825 423 888 Hau
449 845 489 909 p
510 821 645 889 tiu
668 843 699 886 s
761 843 891 887 non
957 821 1285 907 cogitavit?
1372 820 1670 886 Profecto
1734 823 1924 888 mirer
1983 844 2097 888 cur
2155 822 2315 888 duos
2373 820 2594 888 fratres

249 918 538 1006 Aeschyli
580 918 869 983 manibus
910 917 1228 984 mutilatos
1268 915 1462 982 fuisse
1504 938 1693 1003 quam
1733 937 1929 984 unum
1969 917 2364 983 verisimilius
2400 925 2593 1002 putas·-

246 1014 421 1082 verit.
507 1015 652 1081 Non
715 1014 926 1080 volent
988 1012 1268 1095 profecto
1327 1011 1515 1078 hodie
1575 1013 1764 1078 etiam
1813 1013 1926 1080 viri
1978 1013 2147 1078 docti
2196 1012 2261 1077 in
2307 1019 2592 1077 veterum

247 1111 480 1197 scripta
521 1117 761 1196 pestem
808 1109 974 1175 illam
1025 1109 1174 1176 artis
1229 1107 1477 1174 criticae
1513 1107 1870 1186 introduci,
1928 1129 2090 1195 quae
2141 1108 2208 1173 in
2257 1106 2594 1193 evangeliis

244 1206 412 1271 inter
452 1227 520 1270 se
551 1205 949 1271 conciliandis
989 1205 1229 1270 tamdiu
1269 1203 1735 1290 grassabatur.')

402 1302 585 1382 Quae
612 1322 809 1388 quum
852 1301 937 1365 ita
978 1300 1122 1378 sint,
1161 1297 1514 1365 Aristotelis
1554 1320 1702 1367 vero
1742 1298 2170 1366 testimonium
2211 1319 2340 1365 non
2368 1299 2592 1364 eodem

242 1397 485 1465 laboret
524 1397 708 1473 vitio,
759 1403 955 1461 totam
1004 1416 1140 1460 rem
1191 1414 1419 1479 negare
1470 1414 1602 1458 non
1651 1394 1984 1487 audemus,
2030 1403 2107 1460 ut
2153 1395 2410 1462 omnino
2459 1415 2590 1460 non

241 1493 321 1557 de
362 1514 436 1559 ea
476 1492 833 1558 dubitemus
874 1513 911 1557 a
951 1490 1134 1556 nohis
1175 1490 1511 1576 impetrare
1552 1511 1680 1555 non
1723 1510 2078 1575 possumus.

399 1587 525 1653 Sed
576 1588 638 1652 id
689 1608 949 1674 quoquo
999 1587 1187 1652 modo
1240 1607 1308 1650 se
1359 1584 1578 1663 habet,
1640 1585 1844 1651 allicet
1904 1605 2053 1650 sane
2114 1586 2402 1672 quaestio
2464 1586 2588 1663 illa,

242 1703 396 1748 num
448 1683 756 1769 quaedam
808 1683 1003 1746 insint
1052 1683 1115 1745 in
1164 1679 1501 1763 tragoediis
1541 1680 1827 1766 Aeschyli
1865 1681 2253 1765 vulgatorum
2296 1682 2587 1768 mysteri-

240 1798 421 1843 orum
473 1777 746 1861 vestigia.
827 1778 972 1843 Non
1022 1782 1120 1841 est
1166 1795 1389 1859 magna
1440 1795 1588 1859 spes
1638 1773 1985 1860 detegendi.
2065 1777 2226 1843 Nam
2278 1798 2406 1864 quo
2462 1776 2587 1843 im-

240 1871 488 1958 pietatis
537 1872 776 1938 crimen
818 1872 933 1937 sibi
978 1870 1310 1948 contraxit,
1351 1891 1504 1935 num
1556 1870 1620 1935 id
1668 1869 1891 1937 litteris
1940 1871 2288 1957 posteritati
2336 1872 2586 1939 tradere

240 1969 299 2032 ei
342 1967 812 2052 permisissent?
894 1967 1012 2032 Vix
1060 1966 1212 2031 mihi
1254 1966 1686 2051 persuarerim.
1725 2004 1807 2015 —
1846 1973 1931 2034 At
1974 1967 2038 2031 in
2076 1966 2280 2034 verbis
2321 1965 2586 2034 fortasse

237 2061 495 2127 omnino
538 2083 665 2128 non
708 2062 909 2148 posita
951 2070 1087 2127 erat
1125 2062 1228 2128 illa
1266 2063 1704 2148 mysteriorum
1746 2062 2112 2149 profanatio.
2191 2063 2285 2128 Ea
2326 2063 2582 2150 quidem

235 2167 335 2224 est
373 2158 727 2225 Loheckii
772 2157 1083 2224 sententia
1124 2157 1358 2245 quippe
1398 2158 1508 2244 qui
1550 2158 1628 2223 ad
1669 2156 2052 2241 δᾳδουχίαν
2091 2158 2155 2223 in
2189 2159 2314 2224 fine
2339 2160 2583 2225 Eume-

233 2254 451 2319 nidum
493 2273 631 2319 eam
671 2253 817 2322 velit
854 2252 1103 2318 referre.
1125 2253 1194 2338 *‘)
1272 2252 1347 2317 Id
1398 2252 1937 2321 verisimilitudine
1984 2276 2196 2321 carere
2248 2275 2378 2320 non
2418 2276 2582 2340 opus

239 2358 338 2416 est
377 2356 451 2415 ut
491 2348 625 2436 ipse
667 2349 1110 2413 demonstrem.
1193 2350 1317 2413 Tot
1353 2348 1521 2413 enim
1561 2350 1833 2415 virorum
1876 2350 2202 2417 doctorum
2254 2351 2584 2416 sententiis

231 2454 333 2513 est
382 2466 456 2511 ea
498 2444 751 2532 jamjam
803 2445 1036 2531 rejecta
1077 2444 1434 2510 Loheckii
1476 2444 1849 2531 conjectura.
1871 2448 1962 2532 m)
2051 2447 2150 2512 Ad
2198 2447 2581 2513 Eumenides

231 2550 442 2607 tamen
486 2548 552 2607 et
590 2542 902 2628 Apsinis
945 2541 1121 2607 locus
1162 2540 1350 2619 redit,
1399 2540 1486 2605 ita
1526 2562 1677 2608 vero
1718 2549 1791 2607 ut
1831 2540 1894 2605 in
1934 2541 2295 2610 universum
2335 2550 2580 2612 tantum

230 2638 311 2702 de
372 2657 596 2721 magno
658 2638 931 2725 quodam
994 2644 1060 2702 et
1119 2637 1403 2702 confesso
1475 2636 1764 2723 Aeschyli
1844 2637 2104 2704 crimine
2181 2640 2492 2726 loquatur.
2514 2642 2578 2726 †)

230 2735 453 2819 Neque
493 2754 715 2798 omnes
755 2734 841 2797 ihi
881 2734 961 2796 de
1001 2731 1436 2816 mysteriorum
1486 2732 1920 2817 profanatione
1970 2735 2337 2819 cogitarunt.
2418 2737 2576 2801 Item

229 2829 309 2893 de
354 2823 630 2911 ἀστβεὶᾳ
660 2835 902 2894 tantum
942 2826 1241 2892 Aelianus
1280 2826 1584 2912 loquitur,
1624 2826 1934 2913 verbaque
1977 2827 2112 2914 ejus
2151 2826 2253 2893 ἐπί
2272 2855 2406 2895 τινι
2426 2830 2578 2913 6905-

225 2950 397 3009 ματι
447 2944 525 2989 ne
578 2924 782 3009 ipsum
835 2922 1089 3009 quidem
1144 2921 1298 2987 certi
1350 2923 1502 3009 quid
1554 2929 1943 3004 compertum
1994 2922 2288 2990 hahuisse
2330 2924 2573 2991 docent.

229 3019 420 3084 Certa
468 3019 740 3104 denique
791 3040 871 3083 ne
921 3039 994 3083 ea
1045 3017 1298 3102 quidem
1351 3025 1499 3084 sunt
1545 3039 1708 3105 quae
1756 3019 2110 3085 Eustratius
2161 3020 2219 3106 (l.
2259 3019 2319 3105 l.)
2369 3022 2575 3088 affert:

228 3114 308 3179 de
352 3114 711 3201 conjectura
756 3112 925 3178 enim
974 3133 1120 3177 eum
1171 3113 1344 3199 loqui
1384 3114 1785 3179 manifestum
1825 3123 1936 3179 est.
2014 3122 2249 3178 Δοκεῖ
2276 3111 2427 3198 γάρ,
2468 3116 2575 3180 in·-

226 3210 385 3297 quit,
430 3206 774 3291 Αὶσχύλος
816 3205 1045 3292 λέγειν
1094 3202 1406 3293 μυστικά
1457 3233 1615 3273 τινα
1667 3208 1747 3273 ἕν
1799 3234 1866 3272 τε
1906 3216 2053 3306 ταῖς
2096 3209 2412 3287 Τοξότισι
2453 3209 2574 3277 καὶ

364 3405 420 3467 ')
446 3414 602 3458 Μιιιιο
614 3411 1009 3466 ιοοιιιιοιιιιιιιαιιι
1020 3412 1080 3458 de
1091 3411 1280 3459 fratrib.
1290 3411 1403 3460 istis
1413 3413 1458 3458 n
1469 3423 1499 3457 e
1510 3423 1537 3458 r
1548 3422 1593 3462 m
1603 3422 1636 3458 a
1644 3423 1676 3459 ιι
1686 3423 1721 3460 n
1729 3422 1764 3460 ιι
1772 3424 1800 3459 ι
1808 3412 2119 3461 indicaverat
2129 3414 2378 3468 ont-cdl.
2392 3412 2470 3470 ιιι
2480 3413 2568 3463 88.

368 3473 451 3542 ”)
486 3485 547 3529 In
584 3483 931 3539 Agnonnamo
967 3483 1029 3530 L.
1079 3484 1118 3528 1.
1166 3480 1221 3537 S.
1271 3485 1348 3531 ¹2.
1397 3494 1448 3538 ιι.
1489 3484 1556 3530 '26
1600 3495 1676 3537 sq.
1749 3486 1895 3530 Haud
1947 3483 2073 3532 satis
2126 3483 2240 3537 ipse
2290 3486 2571 3533 sententiae

222 3563 350 3600 suae
386 3552 626 3600 confidere
662 3554 871 3599 v.idetur
927 3555 1065 3599 Haec
1090 3552 1217 3599 enlm
1238 3553 1395 3598 addit.
1434 3555 1609 3610 „Haec
1650 3552 1741 3601 fult
1779 3556 1950 3599 nostra
1986 3555 2045 3598 de
2081 3554 2331 3608 Aeschyli
2362 3554 2567 3602 crimino

221 3624 538 3680 conjectura,
585 3623 630 3669 ιιι
665 3624 827 3669 minus
861 3633 1014 3682 vera,
1062 3627 1196 3669 certe
1241 3624 1363 3670 num
1410 3629 1635 3670 veterum
1677 3623 1955 3671 testimonio
2008 3618 2291 3670 contrarla“
2338 3628 2387 3668 et
2435 3634 2567 3702 qnae

218 3698 515 3817 maaziau.)
554 3763 617 3809 cf.
657 3775 702 3809 e.
741 3776 789 3821 g.
829 3765 1142 3820 westher,
1179 3775 1228 3819 p.
1272 3764 1563 3811 ¹04—sso.
2481 3805 2532 3845 3

328 3825 542 3926 3†)1)e
588 3839 696 3880 arte
743 3837 872 3880 rhet.
919 3845 997 3888 cp.
1040 3835 1092 3879 ιι.
1142 3832 1219 3889 (ι).
1260 3835 1363 3880 488
1400 3845 1481 3889 ap.
1519 3837 1573 3880 ιι
1572 3831 1750 3887 ωλι)
1789 3854 1860 3866 —-
1888 3853 1959 3863 —
1991 3814 2205 3876 -οἷλιλῖ
2239 3848 2301 3890 ως
2336 3848 2411 3880 αν
2447 3826 2565 3891 οιός

196 3909 272 3966 ’τε
321 3933 357 3962 ω
405 3918 485 3964 δει
462 3908 576 3973 1’ξαι
619 3907 691 3965 τοὶ
732 3934 950 3975 τουτοις
992 3903 1368 3979 τετολμημένα
1422 3906 1521 3965 καὶ
1576 3909 1916 3984 παραστῆσαι
1973 3891 2068 3965 ωδε
2121 3912 2564 3985 παραδείγματος

222 3981 393 4103 ἕνεκα
428 3976 554 4051 οἷον
589 3988 647 4050 οἷ
679 3991 761 4054 ε’πὶ
795 3997 908 4062 τοῖς
942 3992 1332 4063 Ποτιδαιάτᾱις
1374 4020 1695 4071 κρινομενοι
1731 3997 2014 4067 Αθηναῖοι
2057 3995 2157 4056 ’καὶ
2191 4021 2227 4055 o
2260 3995 2563 4093 Αἷσχυλοος

220 4078 304 4140 ἔτι
339 4083 458 4149 ταῖς
492 4075 776 4150 Eminentia
813 4082 913 4140 καὶ
949 4078 1033 4141 ἐπὶ
1067 4109 1166 4140 των
1200 4079 1594 4152 λοιμωι-τόντων
1630 4084 1873 4147 iambum
1916 4082 2015 4141 οιαὶ
2049 4079 2134 4143 ἔπι
2170 4081 2378 4143 πάντων
2410 4104 2559 4139 σπου

218 4172 369 4242 μέγα
401 4196 450 4227 τι
485 4167 584 4226 καὶ
620 4162 1047 4242 ωμολοφημὲνον
1080 4196 1140 4229 το
1177 4160 1446 4241 aidanum.
1483 4202 1556 4213 -
1591 4181 1652 4229 cf.
1691 4181 1819 4230 infra
1854 4183 1905 4242 S
1950 4182 2031 4234 12.

362 4253 418 4300 sl
452 4253 692 4302 audacior
727 4263 908 4311 essem,
942 4256 1231 4310 conjectura
1275 4256 1438 4300 locum
1474 4251 1683 4308 Apslnis
1731 4260 1986 4302 mutarem.
2062 4258 2186 4300 Fere
2225 4251 2351 4295 enlm
2389 4248 2553 4294 addu-

218 4335 309 4370 cor
344 4328 397 4369 ιιι
434 4325 632 4370 credam
667 4324 728 4369 de
765 4323 956 4370 orestis
993 4324 1193 4371 crimino
1229 4324 1280 4370 ln
1315 4322 1565 4376 Aeschyli
1587 4325 1933 4372 Eumenldihns
1953 4325 2194 4380 Apsinem
2218 4318 2368 4372 loqui.
2431 4319 2556 4362 Erat

218 4393 347 4440 enin
399 4394 653 4451 egregium
706 4395 948 4448 ejusmodi
1002 4393 1219 4441 criminis
1273 4396 1553 4473 exemplum
1608 4392 1657 4439 ιιι
1704 4397 1832 4447 quod
1881 4399 2050 4440 eontra
2096 4393 2301 4434 matrem
2349 4388 2553 4432 orestes

216 4464 550 4513 commiserat.
623 4468 745 4514 Erat
780 4476 871 4512 τοι
873 4476 963 4512 era
997 4447 1146 4523 μέγα
1181 4478 1227 4508 τι
1265 4450 1361 4509 ’καὶ
1400 4445 1828 4523 ωμολογημὲνον
1863 4443 1959 4507 3⁶6⁹
1938 4472 2068 4515 ικημ
2071 4469 2132 4563 0ιέ
2163 4476 2235 4486 --·

2044 4536 2079 4587 2
