<?xml version="1.0" encoding="UTF-8"?>
<!DOCTYPE html PUBLIC "-//W3C//DTD XHTML 1.0 Transitional//EN"
    "http://www.w3.org/TR/xhtml1/DTD/xhtml1-transitional.dtd">
<html xmlns="http://www.w3.org/1999/xhtml" xml:lang="en" lang="en">
 <head>
  <title>
</title>
<meta http-equiv="Content-Type" content="text/html;charset=utf-8" />
  <meta name='ocr-system' content='tesseract 3.04.00' />
  <meta name='ocr-capabilities' content='ocr_page ocr_carea ocr_par ocr_line ocrx_word'/>
</head>
<body>
  <div class='ocr_page' id='page_1' title='image "./dererumdivinaru00haymgoog_0042.png"; bbox 0 0 2978 4869; ppageno 0'>
   <div class='ocr_carea' id='block_1_1' title="bbox 1311 193 1746 259">
    <p class='ocr_par' dir='ltr' id='par_1_1' title="bbox 1311 193 1746 259">
     <span class='ocr_line' id='line_1_1' title="bbox 1311 193 1746 259; baseline 0.002 -16"><span class='ocrx_word' id='word_1_1' title='bbox 1311 193 1746 259; x_wconf 68' lang='lat'>...34-</span> 
     </span>
    </p>
   </div>
   <div class='ocr_carea' id='block_1_2' title="bbox 363 365 2728 3810">
    <p class='ocr_par' dir='ltr' id='par_1_2' title="bbox 363 365 2710 723">
     <span class='ocr_line' id='line_1_2' title="bbox 363 365 2708 451; baseline -0.002 -16"><span class='ocrx_word' id='word_1_2' title='bbox 363 372 439 435; x_wconf 86' lang='lat' dir='ltr'><strong>ab</strong></span> <span class='ocrx_word' id='word_1_3' title='bbox 486 370 679 435; x_wconf 88' lang='lat' dir='ltr'><strong>altera</strong></span> <span class='ocrx_word' id='word_1_4' title='bbox 731 386 860 433; x_wconf 87' lang='lat' dir='ltr'><strong>non</strong></span> <span class='ocrx_word' id='word_1_5' title='bbox 911 372 1008 433; x_wconf 88' lang='lat' dir='ltr'><strong>est</strong></span> <span class='ocrx_word' id='word_1_6' title='bbox 1055 367 1293 434; x_wconf 77' lang='lat' dir='ltr'><strong>diversa</strong></span> <span class='ocrx_word' id='word_1_7' title='bbox 1343 365 1451 431; x_wconf 91' lang='lat' dir='ltr'><strong>sed</strong></span> <span class='ocrx_word' id='word_1_8' title='bbox 1501 384 1666 451; x_wconf 78' lang='lat' dir='ltr'><strong>quae</strong></span> <span class='ocrx_word' id='word_1_9' title='bbox 1712 365 2144 431; x_wconf 81' lang='lat' dir='ltr'><strong>est&#39;omnium</strong></span> <span class='ocrx_word' id='word_1_10' title='bbox 2184 365 2301 445; x_wconf 88' lang='lat' dir='ltr'><strong>vis,</strong></span> <span class='ocrx_word' id='word_1_11' title='bbox 2353 365 2571 432; x_wconf 85' lang='lat' dir='ltr'><strong>eadem</strong></span> <span class='ocrx_word' id='word_1_12' title='bbox 2609 376 2708 433; x_wconf 89' lang='lat' dir='ltr'><strong>est</strong></span> 
     </span>
     <span class='ocr_line' id='line_1_3' title="bbox 366 460 2710 550; baseline 0 -20"><span class='ocrx_word' id='word_1_13' title='bbox 366 465 773 550; x_wconf 78' lang='lat' dir='ltr'><strong>singularum,</strong></span> <span class='ocrx_word' id='word_1_14' title='bbox 822 464 910 529; x_wconf 83' lang='lat' dir='ltr'><strong>ita</strong></span> <span class='ocrx_word' id='word_1_15' title='bbox 961 470 1168 528; x_wconf 85' lang='lat' dir='ltr'><strong>tamen</strong></span> <span class='ocrx_word' id='word_1_16' title='bbox 1219 469 1293 528; x_wconf 89' lang='lat' dir='ltr'><strong>ut</strong></span> <span class='ocrx_word' id='word_1_17' title='bbox 1334 460 1707 547; x_wconf 76' lang='lat' dir='ltr'><strong>conjunctae</strong></span> <span class='ocrx_word' id='word_1_18' title='bbox 1756 461 2008 527; x_wconf 89' lang='lat' dir='ltr'><strong>demum</strong></span> <span class='ocrx_word' id='word_1_19' title='bbox 2058 461 2114 528; x_wconf 80' lang='lat' dir='ltr'><strong>vi</strong></span> <span class='ocrx_word' id='word_1_20' title='bbox 2157 461 2259 527; x_wconf 91' lang='lat' dir='ltr'><strong>illa</strong></span> <span class='ocrx_word' id='word_1_21' title='bbox 2297 484 2370 528; x_wconf 87' lang='lat' dir='ltr'><strong>re</strong></span> <span class='ocrx_word' id='word_1_22' title='bbox 2410 484 2554 530; x_wconf 85' lang='lat' dir='ltr'><strong>vera</strong></span> <span class='ocrx_word' id='word_1_23' title='bbox 2595 484 2710 531; x_wconf 81' lang='lat' dir='ltr'><strong>va-</strong></span> 
     </span>
     <span class='ocr_line' id='line_1_4' title="bbox 365 549 2710 645; baseline 0 -19"><span class='ocrx_word' id='word_1_24' title='bbox 365 549 550 626; x_wconf 81' lang='lat' dir='ltr'><strong>leant.</strong></span> <span class='ocrx_word' id='word_1_25' title='bbox 631 561 793 625; x_wconf 86' lang='lat' dir='ltr'><strong>Hinc</strong></span> <span class='ocrx_word' id='word_1_26' title='bbox 833 559 1021 645; x_wconf 86' lang='lat' dir='ltr'><strong>igitur</strong></span> <span class='ocrx_word' id='word_1_27' title='bbox 1059 558 1347 644; x_wconf 89' lang='lat' dir='ltr'><strong>sequitur</strong></span> <span class='ocrx_word' id='word_1_28' title='bbox 1386 558 1462 624; x_wconf 91' lang='lat' dir='ltr'><strong>ad</strong></span> <span class='ocrx_word' id='word_1_29' title='bbox 1505 557 1678 624; x_wconf 88' lang='lat' dir='ltr'><strong>chori</strong></span> <span class='ocrx_word' id='word_1_30' title='bbox 1719 565 1928 644; x_wconf 88' lang='lat' dir='ltr'><strong>partes</strong></span> <span class='ocrx_word' id='word_1_31' title='bbox 1979 579 2087 624; x_wconf 92' lang='lat' dir='ltr'><strong>eas</strong></span> <span class='ocrx_word' id='word_1_32' title='bbox 2138 579 2265 625; x_wconf 88' lang='lat' dir='ltr'><strong>non</strong></span> <span class='ocrx_word' id='word_1_33' title='bbox 2313 560 2521 627; x_wconf 85' lang='lat' dir='ltr'><strong>minus</strong></span> <span class='ocrx_word' id='word_1_34' title='bbox 2563 560 2710 626; x_wconf 50' lang='lat' dir='ltr'><strong>ido-¹</strong></span> 
     </span>
     <span class='ocr_line' id='line_1_5' title="bbox 364 656 766 723; baseline 0 -2"><span class='ocrx_word' id='word_1_35' title='bbox 364 678 515 723; x_wconf 85' lang='lat' dir='ltr'><strong>neas</strong></span> <span class='ocrx_word' id='word_1_36' title='bbox 556 656 766 723; x_wconf 82' lang='lat' dir='ltr'><strong>fuisse.</strong></span> 
     </span>
    </p>

    <p class='ocr_par' dir='ltr' id='par_1_3' title="bbox 363 749 2710 1033">
     <span class='ocr_line' id='line_1_6' title="bbox 521 749 2707 837; baseline -0 -18"><span class='ocrx_word' id='word_1_37' title='bbox 521 755 760 831; x_wconf 79' lang='lat' dir='ltr'><strong>Restat,</strong></span> <span class='ocrx_word' id='word_1_38' title='bbox 798 759 872 817; x_wconf 89' lang='lat' dir='ltr'><strong>ut</strong></span> <span class='ocrx_word' id='word_1_39' title='bbox 911 756 1149 837; x_wconf 80' lang='lat' dir='ltr'><strong>satyros</strong></span> <span class='ocrx_word' id='word_1_40' title='bbox 1191 749 1482 817; x_wconf 79' lang='lat' dir='ltr'>dramatis</span> <span class='ocrx_word' id='word_1_41' title='bbox 1526 750 1767 837; x_wconf 82' lang='lat' dir='ltr'><strong>satyrici</strong></span> <span class='ocrx_word' id='word_1_42' title='bbox 1810 770 2312 816; x_wconf 79' lang='lat' dir='ltr'><strong>commemorem.</strong></span> <span class='ocrx_word' id='word_1_43' title='bbox 2391 751 2707 819; x_wconf 74' lang='lat' dir='ltr'><strong>Lascivam</strong></span> 
     </span>
     <span class='ocr_line' id='line_1_7' title="bbox 363 846 2710 935; baseline 0 -21"><span class='ocrx_word' id='word_1_44' title='bbox 363 851 547 916; x_wconf 87' lang='lat' dir='ltr'><strong>istam</strong></span> <span class='ocrx_word' id='word_1_45' title='bbox 586 849 848 916; x_wconf 85' lang='lat' dir='ltr'><strong>deorum</strong></span> <span class='ocrx_word' id='word_1_46' title='bbox 891 854 1139 932; x_wconf 83' lang='lat' dir='ltr'><strong>gentem</strong></span> <span class='ocrx_word' id='word_1_47' title='bbox 1182 847 1354 913; x_wconf 89' lang='lat' dir='ltr'><strong>chori</strong></span> <span class='ocrx_word' id='word_1_48' title='bbox 1396 847 1636 932; x_wconf 88' lang='lat' dir='ltr'><strong>legibus</strong></span> <span class='ocrx_word' id='word_1_49' title='bbox 1664 846 1885 913; x_wconf 89' lang='lat' dir='ltr'><strong>eodem</strong></span> <span class='ocrx_word' id='word_1_50' title='bbox 1914 853 2099 932; x_wconf 89' lang='lat' dir='ltr'><strong>pacto</strong></span> <span class='ocrx_word' id='word_1_51' title='bbox 2134 847 2539 929; x_wconf 90' lang='lat' dir='ltr'><strong>respondere,</strong></span> <span class='ocrx_word' id='word_1_52' title='bbox 2580 869 2710 935; x_wconf 87' lang='lat' dir='ltr'><strong>quo</strong></span> 
     </span>
     <span class='ocr_line' id='line_1_8' title="bbox 367 942 2472 1033; baseline -0.001 -22"><span class='ocrx_word' id='word_1_53' title='bbox 367 945 686 1033; x_wconf 80' lang='lat' dir='ltr'><strong>Nymphas</strong></span> <span class='ocrx_word' id='word_1_54' title='bbox 729 944 1128 1030; x_wconf 88' lang='lat' dir='ltr'><strong>reliquasque</strong></span> <span class='ocrx_word' id='word_1_55' title='bbox 1152 942 1441 1009; x_wconf 81' lang='lat' dir='ltr'><strong>-diximus</strong></span> <span class='ocrx_word' id='word_1_56' title='bbox 1479 943 1882 1029; x_wconf 89' lang='lat' dir='ltr'><strong>respondere,</strong></span> <span class='ocrx_word' id='word_1_57' title='bbox 1922 943 2316 1011; x_wconf 86' lang='lat' dir='ltr'><strong>manifestum</strong></span> <span class='ocrx_word' id='word_1_58' title='bbox 2357 952 2472 1010; x_wconf 85' lang='lat' dir='ltr'><strong>est.</strong></span> 
     </span>
    </p>

    <p class='ocr_par' dir='ltr' id='par_1_4' title="bbox 1433 1044 2682 1116">
     <span class='ocr_line' id='line_1_9' title="bbox 1433 1044 2682 1116; baseline -0.001 -13"><span class='ocrx_word' id='word_1_59' title='bbox 1433 1044 1483 1116; x_wconf 76' lang='lat' dir='ltr'><strong>S.</strong></span> <span class='ocrx_word' id='word_1_60' title='bbox 1534 1047 1628 1105; x_wconf 88' lang='grc'><strong>10.</strong></span> <span class='ocrx_word' id='word_1_61' title='bbox 1757 1094 1772 1105; x_wconf 70' lang='grc'><em>,</em></span> <span class='ocrx_word' id='word_1_62' title='bbox 2663 1082 2682 1095; x_wconf 27' lang='grc' dir='ltr'>ἦ</span> 
     </span>
    </p>

    <p class='ocr_par' dir='ltr' id='par_1_5' title="bbox 364 1134 2716 2371">
     <span class='ocr_line' id='line_1_10' title="bbox 529 1134 2709 1223; baseline 0 -20"><span class='ocrx_word' id='word_1_63' title='bbox 529 1137 629 1223; x_wconf 90' lang='grc' dir='ltr'><strong>(Π,</strong></span> <span class='ocrx_word' id='word_1_64' title='bbox 669 1137 747 1220; x_wconf 82' lang='grc'><strong>2,)</strong></span> <span class='ocrx_word' id='word_1_65' title='bbox 790 1136 851 1201; x_wconf 88' lang='lat' dir='ltr'><strong>b.</strong></span> <span class='ocrx_word' id='word_1_66' title='bbox 930 1136 1046 1201; x_wconf 90' lang='lat' dir='ltr'><strong>His</strong></span> <span class='ocrx_word' id='word_1_67' title='bbox 1096 1134 1174 1200; x_wconf 91' lang='lat' dir='ltr'><strong>de</strong></span> <span class='ocrx_word' id='word_1_68' title='bbox 1226 1134 1416 1201; x_wconf 90' lang='lat' dir='ltr'><strong>choro</strong></span> <span class='ocrx_word' id='word_1_69' title='bbox 1468 1135 1830 1217; x_wconf 87' lang='lat' dir='ltr'><strong>disputatis,</strong></span> <span class='ocrx_word' id='word_1_70' title='bbox 1877 1135 1943 1199; x_wconf 91' lang='lat' dir='ltr'><strong>in</strong></span> <span class='ocrx_word' id='word_1_71' title='bbox 1995 1143 2254 1202; x_wconf 86' lang='lat' dir='ltr'><strong>scenam</strong></span> <span class='ocrx_word' id='word_1_72' title='bbox 2296 1137 2709 1203; x_wconf 82' lang='lat' dir='ltr'><strong>ascendimus.</strong></span> 
     </span>
     <span class='ocr_line' id='line_1_11' title="bbox 365 1229 2712 1319; baseline 0 -21"><span class='ocrx_word' id='word_1_73' title='bbox 365 1233 470 1298; x_wconf 87' lang='lat' dir='ltr'><strong>Lis</strong></span> <span class='ocrx_word' id='word_1_74' title='bbox 504 1232 614 1297; x_wconf 85' lang='lat' dir='ltr'><strong>illa</strong></span> <span class='ocrx_word' id='word_1_75' title='bbox 638 1232 1014 1317; x_wconf 73' lang='lat' dir='ltr'><strong>tragoediae,</strong></span> <span class='ocrx_word' id='word_1_76' title='bbox 1055 1229 1134 1294; x_wconf 88' lang='lat' dir='ltr'><strong>de</strong></span> <span class='ocrx_word' id='word_1_77' title='bbox 1176 1252 1299 1317; x_wconf 89' lang='lat' dir='ltr'><strong>qua</strong></span> <span class='ocrx_word' id='word_1_78' title='bbox 1328 1230 1477 1296; x_wconf 89' lang='lat' dir='ltr'><strong>satis</strong></span> <span class='ocrx_word' id='word_1_79' title='bbox 1508 1231 1753 1319; x_wconf 86' lang='lat' dir='ltr'><strong>loquuti</strong></span> <span class='ocrx_word' id='word_1_80' title='bbox 1790 1253 2027 1311; x_wconf 88' lang='lat' dir='ltr'><strong>sumus,</strong></span> <span class='ocrx_word' id='word_1_81' title='bbox 2066 1232 2443 1318; x_wconf 81' lang='lat' dir='ltr'><strong>transigitur.</strong></span> <span class='ocrx_word' id='word_1_82' title='bbox 2514 1232 2712 1319; x_wconf 79' lang='lat' dir='ltr'><strong>Cujus</strong></span> 
     </span>
     <span class='ocr_line' id='line_1_12' title="bbox 365 1328 2714 1415; baseline 0 -21"><span class='ocrx_word' id='word_1_83' title='bbox 365 1337 578 1411; x_wconf 86' lang='lat' dir='ltr'><strong>partes</strong></span> <span class='ocrx_word' id='word_1_84' title='bbox 619 1329 782 1394; x_wconf 89' lang='lat' dir='ltr'><strong>inter</strong></span> <span class='ocrx_word' id='word_1_85' title='bbox 821 1330 974 1394; x_wconf 84' lang='lat' dir='ltr'><strong>deos</strong></span> <span class='ocrx_word' id='word_1_86' title='bbox 1013 1348 1195 1394; x_wconf 82' lang='lat' dir='ltr'><strong>veros</strong></span> <span class='ocrx_word' id='word_1_87' title='bbox 1237 1348 1473 1414; x_wconf 89' lang='lat' dir='ltr'><strong>eosque</strong></span> <span class='ocrx_word' id='word_1_88' title='bbox 1516 1349 1788 1415; x_wconf 87' lang='lat' dir='ltr'><strong>quorum</strong></span> <span class='ocrx_word' id='word_1_89' title='bbox 1830 1348 1944 1414; x_wconf 89' lang='lat' dir='ltr'><strong>per</strong></span> <span class='ocrx_word' id='word_1_90' title='bbox 1984 1349 2051 1394; x_wconf 93' lang='lat' dir='ltr'><strong>se</strong></span> <span class='ocrx_word' id='word_1_91' title='bbox 2093 1328 2360 1415; x_wconf 91' lang='lat' dir='ltr'><strong>quisque</strong></span> <span class='ocrx_word' id='word_1_92' title='bbox 2401 1349 2714 1414; x_wconf 86' lang='lat' dir='ltr'><strong>personae</strong></span> 
     </span>
     <span class='ocr_line' id='line_1_13' title="bbox 367 1423 2712 1511; baseline -0.001 -21"><span class='ocrx_word' id='word_1_93' title='bbox 367 1426 729 1510; x_wconf 84' lang='lat' dir='ltr'><strong>dignitatem</strong></span> <span class='ocrx_word' id='word_1_94' title='bbox 790 1432 889 1490; x_wconf 89' lang='lat' dir='ltr'><strong>est</strong></span> <span class='ocrx_word' id='word_1_95' title='bbox 944 1431 1295 1501; x_wconf 76' lang='lat' dir='ltr'><strong>assecutuS,</strong></span> <span class='ocrx_word' id='word_1_96' title='bbox 1347 1423 1712 1490; x_wconf 84' lang='lat' dir='ltr'><strong>distributas</strong></span> <span class='ocrx_word' id='word_1_97' title='bbox 1764 1424 2063 1492; x_wconf 83' lang='lat' dir='ltr'><strong>videmus.</strong></span> <span class='ocrx_word' id='word_1_98' title='bbox 2155 1424 2282 1490; x_wconf 86' lang='lat' dir='ltr'><strong>Sed</strong></span> <span class='ocrx_word' id='word_1_99' title='bbox 2343 1425 2712 1511; x_wconf 84' lang='lat' dir='ltr'><strong>priusquam</strong></span> 
     </span>
     <span class='ocr_line' id='line_1_14' title="bbox 368 1519 2712 1602; baseline -0.001 -15"><span class='ocrx_word' id='word_1_100' title='bbox 368 1529 561 1587; x_wconf 84' lang='lat' dir='ltr'><strong>totam</strong></span> <span class='ocrx_word' id='word_1_101' title='bbox 612 1520 1045 1602; x_wconf 85' lang='lat' dir='ltr'><strong>amplectimur</strong></span> <span class='ocrx_word' id='word_1_102' title='bbox 1094 1521 1295 1597; x_wconf 88' lang='lat' dir='ltr'><strong>litem,</strong></span> <span class='ocrx_word' id='word_1_103' title='bbox 1347 1540 1568 1585; x_wconf 89' lang='lat' dir='ltr'><strong>eorum</strong></span> <span class='ocrx_word' id='word_1_104' title='bbox 1620 1520 1881 1584; x_wconf 88' lang='lat' dir='ltr'><strong>deorum</strong></span> <span class='ocrx_word' id='word_1_105' title='bbox 1933 1519 2356 1585; x_wconf 90' lang='lat' dir='ltr'><strong>conditionem</strong></span> <span class='ocrx_word' id='word_1_106' title='bbox 2407 1520 2712 1601; x_wconf 84' lang='lat' dir='ltr'><strong>respicia-</strong></span> 
     </span>
     <span class='ocr_line' id='line_1_15' title="bbox 365 1614 2711 1702; baseline -0.002 -20"><span class='ocrx_word' id='word_1_107' title='bbox 365 1636 508 1684; x_wconf 85' lang='lat' dir='ltr'><strong>mus</strong></span> <span class='ocrx_word' id='word_1_108' title='bbox 558 1638 816 1683; x_wconf 85' lang='lat' dir='ltr'><strong>necesse</strong></span> <span class='ocrx_word' id='word_1_109' title='bbox 868 1623 994 1694; x_wconf 86' lang='lat' dir='ltr'><strong>est,</strong></span> <span class='ocrx_word' id='word_1_110' title='bbox 1043 1615 1151 1702; x_wconf 88' lang='lat' dir='ltr'><strong>qui</strong></span> <span class='ocrx_word' id='word_1_111' title='bbox 1203 1615 1482 1702; x_wconf 86' lang='lat' dir='ltr'><strong>quamvis</strong></span> <span class='ocrx_word' id='word_1_112' title='bbox 1534 1615 1838 1699; x_wconf 86' lang='lat' dir='ltr'><strong>attingant</strong></span> <span class='ocrx_word' id='word_1_113' title='bbox 1876 1614 2338 1700; x_wconf 89' lang='lat' dir='ltr'><strong>quodammodo</strong></span> <span class='ocrx_word' id='word_1_114' title='bbox 2380 1615 2711 1691; x_wconf 85' lang='lat' dir='ltr'><strong>actionem,</strong></span> 
     </span>
     <span class='ocr_line' id='line_1_16' title="bbox 365 1709 2712 1796; baseline -0.002 -18"><span class='ocrx_word' id='word_1_115' title='bbox 365 1722 576 1778; x_wconf 89' lang='lat' dir='ltr'><strong>tamen</strong></span> <span class='ocrx_word' id='word_1_116' title='bbox 618 1713 682 1776; x_wconf 91' lang='lat' dir='ltr'><strong>in</strong></span> <span class='ocrx_word' id='word_1_117' title='bbox 724 1712 990 1777; x_wconf 90' lang='lat' dir='ltr'><strong>mediam</strong></span> <span class='ocrx_word' id='word_1_118' title='bbox 1033 1732 1165 1776; x_wconf 90' lang='lat' dir='ltr'><strong>rem</strong></span> <span class='ocrx_word' id='word_1_119' title='bbox 1208 1732 1332 1776; x_wconf 89' lang='lat' dir='ltr'><strong>non</strong></span> <span class='ocrx_word' id='word_1_120' title='bbox 1377 1710 1763 1796; x_wconf 89' lang='lat' dir='ltr'><strong>perveniunt.</strong></span> <span class='ocrx_word' id='word_1_121' title='bbox 1848 1710 2009 1776; x_wconf 92' lang='lat' dir='ltr'><strong>Sunt</strong></span> <span class='ocrx_word' id='word_1_122' title='bbox 2047 1710 2112 1787; x_wconf 93' lang='lat' dir='ltr'><strong>ii,</strong></span> <span class='ocrx_word' id='word_1_123' title='bbox 2154 1709 2280 1774; x_wconf 88' lang='lat' dir='ltr'><strong>litis</strong></span> <span class='ocrx_word' id='word_1_124' title='bbox 2323 1710 2488 1775; x_wconf 91' lang='lat' dir='ltr'><strong>illius</strong></span> <span class='ocrx_word' id='word_1_125' title='bbox 2531 1730 2712 1774; x_wconf 85' lang='lat' dir='ltr'><strong>sum·-</strong></span> 
     </span>
     <span class='ocr_line' id='line_1_17' title="bbox 366 1806 2713 1895; baseline -0.002 -21"><span class='ocrx_word' id='word_1_126' title='bbox 366 1809 582 1895; x_wconf 81' lang='lat' dir='ltr'><strong>mique</strong></span> <span class='ocrx_word' id='word_1_127' title='bbox 642 1808 732 1872; x_wconf 89' lang='lat' dir='ltr'><strong>rei</strong></span> <span class='ocrx_word' id='word_1_128' title='bbox 792 1806 1058 1893; x_wconf 81' lang='lat' dir='ltr'><strong>tragicae</strong></span> <span class='ocrx_word' id='word_1_129' title='bbox 1121 1806 1520 1884; x_wconf 86' lang='lat' dir='ltr'><strong>discriminis,</strong></span> <span class='ocrx_word' id='word_1_130' title='bbox 1580 1814 1654 1871; x_wconf 91' lang='lat' dir='ltr'><strong>ut</strong></span> <span class='ocrx_word' id='word_1_131' title='bbox 1714 1806 1802 1870; x_wconf 90' lang='lat' dir='ltr'><strong>ita</strong></span> <span class='ocrx_word' id='word_1_132' title='bbox 1863 1806 2093 1882; x_wconf 88' lang='lat' dir='ltr'><strong>dicam,</strong></span> <span class='ocrx_word' id='word_1_133' title='bbox 2154 1812 2488 1871; x_wconf 88' lang='lat' dir='ltr'><strong>momenta.</strong></span> <span class='ocrx_word' id='word_1_134' title='bbox 2569 1806 2713 1873; x_wconf 91' lang='lat' dir='ltr'><strong>Non</strong></span> 
     </span>
     <span class='ocr_line' id='line_1_18' title="bbox 367 1900 2714 1990; baseline -0.003 -18"><span class='ocrx_word' id='word_1_135' title='bbox 367 1905 625 1972; x_wconf 88' lang='lat' dir='ltr'><strong>omnino</strong></span> <span class='ocrx_word' id='word_1_136' title='bbox 668 1904 780 1969; x_wconf 91' lang='lat' dir='ltr'><strong>sed</strong></span> <span class='ocrx_word' id='word_1_137' title='bbox 822 1925 900 1971; x_wconf 86' lang='lat' dir='ltr'><strong>ex</strong></span> <span class='ocrx_word' id='word_1_138' title='bbox 940 1909 1130 1990; x_wconf 80' lang='lat' dir='ltr'><strong>parte&#39;</strong></span> <span class='ocrx_word' id='word_1_139' title='bbox 1155 1910 1395 1968; x_wconf 89' lang='lat' dir='ltr'><strong>tantum</strong></span> <span class='ocrx_word' id='word_1_140' title='bbox 1440 1924 1517 1968; x_wconf 92' lang='lat' dir='ltr'><strong>eo</strong></span> <span class='ocrx_word' id='word_1_141' title='bbox 1570 1900 1921 1968; x_wconf 85' lang='lat' dir='ltr'><strong>discrimine</strong></span> <span class='ocrx_word' id='word_1_142' title='bbox 1971 1902 2089 1987; x_wconf 94' lang='lat' dir='ltr'><strong>ipsi</strong></span> <span class='ocrx_word' id='word_1_143' title='bbox 2137 1900 2343 1966; x_wconf 81' lang='lat' dir='ltr'><strong>affecti</strong></span> <span class='ocrx_word' id='word_1_144' title='bbox 2393 1909 2565 1975; x_wconf 79' lang='lat' dir='ltr'><strong>sunt:</strong></span> <span class='ocrx_word' id='word_1_145' title='bbox 2616 1901 2714 1965; x_wconf 83' lang='lat' dir='ltr'><strong>le·-</strong></span> 
     </span>
     <span class='ocr_line' id='line_1_19' title="bbox 365 1997 2716 2084; baseline -0.003 -15"><span class='ocrx_word' id='word_1_146' title='bbox 365 2003 522 2069; x_wconf 79' lang='lat' dir='ltr'><strong>viter</strong></span> <span class='ocrx_word' id='word_1_147' title='bbox 568 2009 813 2068; x_wconf 89' lang='lat' dir='ltr'><strong>tantum</strong></span> <span class='ocrx_word' id='word_1_148' title='bbox 861 2006 1227 2084; x_wconf 86' lang='lat' dir='ltr'><strong>tanguntur,</strong></span> <span class='ocrx_word' id='word_1_149' title='bbox 1278 1998 1510 2062; x_wconf 89' lang='lat' dir='ltr'><strong>intrant</strong></span> <span class='ocrx_word' id='word_1_150' title='bbox 1550 2019 1677 2062; x_wconf 91' lang='lat' dir='ltr'><strong>non</strong></span> <span class='ocrx_word' id='word_1_151' title='bbox 1720 2016 1798 2062; x_wconf 93' lang='lat' dir='ltr'><strong>eo</strong></span> <span class='ocrx_word' id='word_1_152' title='bbox 1841 2005 2055 2078; x_wconf 89' lang='lat' dir='ltr'><strong>pact0,</strong></span> <span class='ocrx_word' id='word_1_153' title='bbox 2106 2005 2182 2062; x_wconf 93' lang='lat' dir='ltr'><strong>ut</strong></span> <span class='ocrx_word' id='word_1_154' title='bbox 2220 1997 2306 2062; x_wconf 88' lang='lat' dir='ltr'><strong>ihi</strong></span> <span class='ocrx_word' id='word_1_155' title='bbox 2349 2005 2716 2065; x_wconf 85' lang='lat' dir='ltr'><strong>remaneant</strong></span> 
     </span>
     <span class='ocr_line' id='line_1_20' title="bbox 364 2092 2712 2171; baseline -0.002 -8"><span class='ocrx_word' id='word_1_156' title='bbox 364 2098 477 2163; x_wconf 90' lang='lat' dir='ltr'><strong>sed</strong></span> <span class='ocrx_word' id='word_1_157' title='bbox 515 2105 591 2166; x_wconf 92' lang='lat' dir='ltr'><strong>ut</strong></span> <span class='ocrx_word' id='word_1_158' title='bbox 627 2116 775 2162; x_wconf 83' lang='lat' dir='ltr'><strong>mox</strong></span> <span class='ocrx_word' id='word_1_159' title='bbox 816 2094 1085 2161; x_wconf 86' lang='lat' dir='ltr'><strong>abeundi</strong></span> <span class='ocrx_word' id='word_1_160' title='bbox 1128 2092 1368 2160; x_wconf 78' lang='lat' dir='ltr'><strong>veniam</strong></span> <span class='ocrx_word' id='word_1_161' title='bbox 1410 2092 1868 2157; x_wconf 89' lang='lat' dir='ltr'><strong>nanciscantur.</strong></span> <span class='ocrx_word' id='word_1_162' title='bbox 1952 2093 2132 2171; x_wconf 90' lang='lat' dir='ltr'><strong>Quae</strong></span> <span class='ocrx_word' id='word_1_163' title='bbox 2163 2093 2216 2157; x_wconf 91' lang='lat' dir='ltr'><strong>si</strong></span> <span class='ocrx_word' id='word_1_164' title='bbox 2258 2092 2374 2158; x_wconf 89' lang='lat' dir='ltr'><strong>hac</strong></span> <span class='ocrx_word' id='word_1_165' title='bbox 2414 2115 2555 2159; x_wconf 90' lang='lat' dir='ltr'><strong>mea</strong></span> <span class='ocrx_word' id='word_1_166' title='bbox 2596 2094 2712 2158; x_wconf 85' lang='lat' dir='ltr'><strong>de·-</strong></span> 
     </span>
     <span class='ocr_line' id='line_1_21' title="bbox 365 2187 2715 2279; baseline -0.001 -22"><span class='ocrx_word' id='word_1_167' title='bbox 365 2191 703 2279; x_wconf 86' lang='lat' dir='ltr'><strong>scriptione</strong></span> <span class='ocrx_word' id='word_1_168' title='bbox 742 2191 1023 2256; x_wconf 90' lang='lat' dir='ltr'><strong>nondum</strong></span> <span class='ocrx_word' id='word_1_169' title='bbox 1066 2190 1215 2255; x_wconf 89' lang='lat' dir='ltr'><strong>satis</strong></span> <span class='ocrx_word' id='word_1_170' title='bbox 1256 2187 1587 2274; x_wconf 90' lang='lat' dir='ltr'><strong>perspicua</strong></span> <span class='ocrx_word' id='word_1_171' title='bbox 1637 2195 1786 2253; x_wconf 89' lang='lat' dir='ltr'><strong>sunt</strong></span> <span class='ocrx_word' id='word_1_172' title='bbox 1831 2187 2102 2267; x_wconf 87' lang='lat' dir='ltr'><strong>reddita,</strong></span> <span class='ocrx_word' id='word_1_173' title='bbox 2155 2189 2457 2271; x_wconf 85' lang='lat' dir='ltr'><strong>exemplis</strong></span> <span class='ocrx_word' id='word_1_174' title='bbox 2506 2197 2715 2255; x_wconf 85' lang='lat' dir='ltr'><strong>tamen</strong></span> 
     </span>
     <span class='ocr_line' id='line_1_22' title="bbox 366 2285 1950 2371; baseline -0.004 -17"><span class='ocrx_word' id='word_1_175' title='bbox 366 2307 555 2370; x_wconf 85' lang='lat' dir='ltr'><strong>spero</strong></span> <span class='ocrx_word' id='word_1_176' title='bbox 597 2287 730 2352; x_wconf 87' lang='lat' dir='ltr'><strong>fore</strong></span> <span class='ocrx_word' id='word_1_177' title='bbox 771 2291 845 2352; x_wconf 90' lang='lat' dir='ltr'><strong>ut</strong></span> <span class='ocrx_word' id='word_1_178' title='bbox 886 2286 1034 2351; x_wconf 89' lang='lat' dir='ltr'><strong>satis</strong></span> <span class='ocrx_word' id='word_1_179' title='bbox 1078 2305 1393 2371; x_wconf 82' lang='lat' dir='ltr'><strong>superque</strong></span> <span class='ocrx_word' id='word_1_180' title='bbox 1436 2285 1843 2350; x_wconf 81' lang='lat' dir='ltr'><strong>illustrentur.</strong></span> <span class='ocrx_word' id='word_1_181' title='bbox 1876 2322 1950 2332; x_wconf 92' lang='lat'><strong>—-</strong></span> 
     </span>
    </p>

    <p class='ocr_par' dir='ltr' id='par_1_6' title="bbox 366 2378 2728 3810">
     <span class='ocr_line' id='line_1_23' title="bbox 525 2378 2717 2468; baseline -0.002 -17"><span class='ocrx_word' id='word_1_182' title='bbox 525 2382 925 2451; x_wconf 85' lang='lat' dir='ltr'><strong>Haerendum</strong></span> <span class='ocrx_word' id='word_1_183' title='bbox 973 2389 1071 2449; x_wconf 89' lang='lat' dir='ltr'><strong>est</strong></span> <span class='ocrx_word' id='word_1_184' title='bbox 1120 2381 1346 2447; x_wconf 89' lang='lat' dir='ltr'><strong>iterum</strong></span> <span class='ocrx_word' id='word_1_185' title='bbox 1396 2380 1698 2467; x_wconf 88' lang='lat' dir='ltr'><strong>imprimis</strong></span> <span class='ocrx_word' id='word_1_186' title='bbox 1748 2380 1812 2445; x_wconf 90' lang='lat' dir='ltr'><strong>in</strong></span> <span class='ocrx_word' id='word_1_187' title='bbox 1863 2379 2220 2447; x_wconf 87' lang='lat' dir='ltr'><strong>Promethei</strong></span> <span class='ocrx_word' id='word_1_188' title='bbox 2267 2378 2503 2460; x_wconf 79' lang='lat' dir='ltr'><strong>sabula,</strong></span> <span class='ocrx_word' id='word_1_189' title='bbox 2562 2402 2717 2468; x_wconf 85' lang='lat' dir='ltr'><strong>pro-</strong></span> 
     </span>
     <span class='ocr_line' id='line_1_24' title="bbox 366 2476 2718 2569; baseline -0.001 -23"><span class='ocrx_word' id='word_1_190' title='bbox 366 2482 682 2569; x_wconf 88' lang='lat' dir='ltr'><strong>deantque</strong></span> <span class='ocrx_word' id='word_1_191' title='bbox 743 2480 974 2545; x_wconf 88' lang='lat' dir='ltr'><strong>iterum</strong></span> <span class='ocrx_word' id='word_1_192' title='bbox 1037 2478 1416 2545; x_wconf 87' lang='lat' dir='ltr'><strong>Vulcanus</strong></span> <span class='ocrx_word' id='word_1_193' title='bbox 1466 2499 1606 2544; x_wconf 90' lang='lat' dir='ltr'><strong>cum</strong></span> <span class='ocrx_word' id='word_1_194' title='bbox 1658 2478 2032 2543; x_wconf 88' lang='lat' dir='ltr'><strong>immanibus</strong></span> <span class='ocrx_word' id='word_1_195' title='bbox 2097 2476 2508 2543; x_wconf 84' lang='lat' dir='ltr'><strong>comitibus</strong></span> <span class='ocrx_word' id='word_1_196' title='bbox 2566 2476 2718 2555; x_wconf 80' lang='lat' dir='ltr'><strong>suis,</strong></span> 
     </span>
     <span class='ocr_line' id='line_1_25' title="bbox 368 2572 2718 2655; baseline -0.002 -12"><span class='ocrx_word' id='word_1_197' title='bbox 368 2577 751 2655; x_wconf 78' lang='lat' dir='ltr'><strong>OceanuS,</strong></span> <span class='ocrx_word' id='word_1_198' title='bbox 790 2576 1226 2641; x_wconf 82' lang='lat' dir='ltr'><strong>Mercurius</strong></span> <span class='ocrx_word' id='word_1_199' title='bbox 1257 2582 1322 2639; x_wconf 89' lang='lat' dir='ltr'><strong>et</strong></span> <span class='ocrx_word' id='word_1_200' title='bbox 1342 2575 1394 2639; x_wconf 89' lang='lat' dir='ltr'><strong>si</strong></span> <span class='ocrx_word' id='word_1_201' title='bbox 1416 2595 1584 2638; x_wconf 90' lang='lat' dir='ltr'><strong>nunc</strong></span> <span class='ocrx_word' id='word_1_202' title='bbox 1606 2574 1712 2638; x_wconf 84' lang='lat' dir='ltr'><strong>lux</strong></span> <span class='ocrx_word' id='word_1_203' title='bbox 1734 2574 1792 2638; x_wconf 90' lang='lat' dir='ltr'><strong>ei</strong></span> <span class='ocrx_word' id='word_1_204' title='bbox 1829 2573 2110 2639; x_wconf 84' lang='lat' dir='ltr'><strong>videatur</strong></span> <span class='ocrx_word' id='word_1_205' title='bbox 2138 2572 2490 2655; x_wconf 89' lang='lat' dir='ltr'><strong>optabilior,</strong></span> <span class='ocrx_word' id='word_1_206' title='bbox 2532 2572 2718 2640; x_wconf 87' lang='lat' dir='ltr'><strong>Chi-</strong></span> 
     </span>
     <span class='ocr_line' id='line_1_26' title="bbox 367 2668 2719 2755; baseline -0.002 -18"><span class='ocrx_word' id='word_1_207' title='bbox 367 2693 525 2737; x_wconf 86' lang='lat' dir='ltr'><strong>ron.</strong></span> <span class='ocrx_word' id='word_1_208' title='bbox 573 2704 656 2722; x_wconf 87' lang='lat'><strong>·--·</strong></span> <span class='ocrx_word' id='word_1_209' title='bbox 702 2673 798 2734; x_wconf 87' lang='lat' dir='ltr'><strong>Ex</strong></span> <span class='ocrx_word' id='word_1_210' title='bbox 849 2669 1105 2736; x_wconf 80' lang='lat' dir='ltr'><strong>adverso</strong></span> <span class='ocrx_word' id='word_1_211' title='bbox 1169 2669 1287 2734; x_wconf 85' lang='lat' dir='ltr'><strong>sibi</strong></span> <span class='ocrx_word' id='word_1_212' title='bbox 1348 2668 1621 2754; x_wconf 89' lang='lat' dir='ltr'><strong>oppositi</strong></span> <span class='ocrx_word' id='word_1_213' title='bbox 1687 2678 1833 2736; x_wconf 87' lang='lat' dir='ltr'><strong>sunt</strong></span> <span class='ocrx_word' id='word_1_214' title='bbox 1879 2668 2126 2755; x_wconf 84' lang='lat' dir='ltr'><strong>Jupiter</strong></span> <span class='ocrx_word' id='word_1_215' title='bbox 2174 2677 2239 2735; x_wconf 91' lang='lat' dir='ltr'><strong>et</strong></span> <span class='ocrx_word' id='word_1_216' title='bbox 2285 2670 2719 2738; x_wconf 84' lang='lat' dir='ltr'><strong>Prometheus.</strong></span> 
     </span>
     <span class='ocr_line' id='line_1_27' title="bbox 367 2765 2719 2852; baseline -0.001 -19"><span class='ocrx_word' id='word_1_217' title='bbox 367 2766 558 2852; x_wconf 80' lang='lat' dir='ltr'><strong>Apud</strong></span> <span class='ocrx_word' id='word_1_218' title='bbox 599 2766 716 2832; x_wconf 89' lang='lat' dir='ltr'><strong>hos</strong></span> <span class='ocrx_word' id='word_1_219' title='bbox 756 2785 859 2832; x_wconf 82' lang='lat' dir='ltr'><strong>res</strong></span> <span class='ocrx_word' id='word_1_220' title='bbox 903 2785 1144 2831; x_wconf 90' lang='lat' dir='ltr'><strong>summa</strong></span> <span class='ocrx_word' id='word_1_221' title='bbox 1181 2772 1494 2842; x_wconf 84' lang='lat' dir='ltr'><strong>versatur,</strong></span> <span class='ocrx_word' id='word_1_222' title='bbox 1545 2765 1609 2829; x_wconf 89' lang='lat' dir='ltr'><strong>hi</strong></span> <span class='ocrx_word' id='word_1_223' title='bbox 1650 2767 1921 2852; x_wconf 89' lang='lat' dir='ltr'><strong>primum</strong></span> <span class='ocrx_word' id='word_1_224' title='bbox 1963 2765 2039 2831; x_wconf 87' lang='lat' dir='ltr'><strong>ad</strong></span> <span class='ocrx_word' id='word_1_225' title='bbox 2081 2766 2314 2831; x_wconf 83' lang='lat' dir='ltr'><strong>bellum</strong></span> <span class='ocrx_word' id='word_1_226' title='bbox 2357 2766 2719 2850; x_wconf 82' lang='lat' dir='ltr'><strong>gerendum,</strong></span> 
     </span>
     <span class='ocr_line' id='line_1_28' title="bbox 367 2861 2720 2951; baseline -0.001 -23"><span class='ocrx_word' id='word_1_227' title='bbox 367 2871 591 2951; x_wconf 87' lang='lat' dir='ltr'><strong>postea</strong></span> <span class='ocrx_word' id='word_1_228' title='bbox 632 2864 709 2927; x_wconf 91' lang='lat' dir='ltr'><strong>ad</strong></span> <span class='ocrx_word' id='word_1_229' title='bbox 751 2861 975 2929; x_wconf 83' lang='lat' dir='ltr'><strong>foedus</strong></span> <span class='ocrx_word' id='word_1_230' title='bbox 1016 2861 1365 2928; x_wconf 84' lang='lat' dir='ltr'><strong>faciendum</strong></span> <span class='ocrx_word' id='word_1_231' title='bbox 1408 2862 1804 2928; x_wconf 82' lang='lat' dir='ltr'><strong>conveniunt.</strong></span> <span class='ocrx_word' id='word_1_232' title='bbox 1886 2863 2023 2926; x_wconf 84' lang='lat' dir='ltr'><strong>Jam</strong></span> <span class='ocrx_word' id='word_1_233' title='bbox 2076 2883 2223 2928; x_wconf 87' lang='lat' dir='ltr'><strong>vero</strong></span> <span class='ocrx_word' id='word_1_234' title='bbox 2273 2882 2376 2927; x_wconf 88' lang='lat' dir='ltr'><strong>res</strong></span> <span class='ocrx_word' id='word_1_235' title='bbox 2417 2861 2538 2926; x_wconf 87' lang='lat' dir='ltr'><strong>ista</strong></span> <span class='ocrx_word' id='word_1_236' title='bbox 2575 2881 2720 2926; x_wconf 87' lang='lat' dir='ltr'><strong>ma-</strong></span> 
     </span>
     <span class='ocr_line' id='line_1_29' title="bbox 371 2957 2723 3044; baseline -0 -22"><span class='ocrx_word' id='word_1_237' title='bbox 371 2959 525 3022; x_wconf 85' lang='lat' dir='ltr'><strong>ximi</strong></span> <span class='ocrx_word' id='word_1_238' title='bbox 566 2958 867 3022; x_wconf 85' lang='lat' dir='ltr'><strong>momenti</strong></span> <span class='ocrx_word' id='word_1_239' title='bbox 907 2978 1036 3022; x_wconf 92' lang='lat' dir='ltr'><strong>non</strong></span> <span class='ocrx_word' id='word_1_240' title='bbox 1077 2966 1285 3042; x_wconf 90' lang='lat' dir='ltr'><strong>potest</strong></span> <span class='ocrx_word' id='word_1_241' title='bbox 1317 2978 1444 3022; x_wconf 90' lang='lat' dir='ltr'><strong>non</strong></span> <span class='ocrx_word' id='word_1_242' title='bbox 1472 2965 1727 3041; x_wconf 91' lang='lat' dir='ltr'><strong>tangere</strong></span> <span class='ocrx_word' id='word_1_243' title='bbox 1754 2958 2033 3044; x_wconf 88' lang='lat' dir='ltr'><strong>reliquos</strong></span> <span class='ocrx_word' id='word_1_244' title='bbox 2063 2957 2250 3021; x_wconf 90' lang='lat' dir='ltr'><strong>etiam</strong></span> <span class='ocrx_word' id='word_1_245' title='bbox 2279 2957 2452 3021; x_wconf 89' lang='lat' dir='ltr'><strong>deos.</strong></span> <span class='ocrx_word' id='word_1_246' title='bbox 2512 2957 2723 3023; x_wconf 88' lang='lat' dir='ltr'><strong>Habet</strong></span> 
     </span>
     <span class='ocr_line' id='line_1_30' title="bbox 372 3051 2723 3138; baseline -0.001 -19"><span class='ocrx_word' id='word_1_247' title='bbox 372 3072 525 3119; x_wconf 86' lang='lat' dir='ltr'><strong>suos</strong></span> <span class='ocrx_word' id='word_1_248' title='bbox 565 3052 812 3138; x_wconf 83' lang='lat' dir='ltr'><strong>Jupiter</strong></span> <span class='ocrx_word' id='word_1_249' title='bbox 865 3052 1210 3131; x_wconf 89' lang='lat' dir='ltr'><strong>ministros,</strong></span> <span class='ocrx_word' id='word_1_250' title='bbox 1262 3052 1450 3117; x_wconf 90' lang='lat' dir='ltr'><strong>habet</strong></span> <span class='ocrx_word' id='word_1_251' title='bbox 1500 3074 1649 3118; x_wconf 88' lang='lat' dir='ltr'><strong>suos</strong></span> <span class='ocrx_word' id='word_1_252' title='bbox 1692 3053 1878 3119; x_wconf 84' lang='lat' dir='ltr'><strong>etiam</strong></span> <span class='ocrx_word' id='word_1_253' title='bbox 1919 3051 2332 3120; x_wconf 85' lang='lat' dir='ltr'><strong>Prometheus</strong></span> <span class='ocrx_word' id='word_1_254' title='bbox 2373 3060 2723 3120; x_wconf 85' lang='lat' dir='ltr'><strong>assectato-</strong></span> 
     </span>
     <span class='ocr_line' id='line_1_31' title="bbox 370 3146 2721 3236; baseline 0 -23"><span class='ocrx_word' id='word_1_255' title='bbox 370 3170 492 3213; x_wconf 85' lang='lat' dir='ltr'><strong>res.</strong></span> <span class='ocrx_word' id='word_1_256' title='bbox 576 3148 724 3226; x_wconf 89' lang='lat' dir='ltr'><strong>Quo</strong></span> <span class='ocrx_word' id='word_1_257' title='bbox 767 3146 1031 3213; x_wconf 86' lang='lat' dir='ltr'><strong>efficitur</strong></span> <span class='ocrx_word' id='word_1_258' title='bbox 1068 3156 1159 3226; x_wconf 86' lang='lat' dir='ltr'><strong>ut,</strong></span> <span class='ocrx_word' id='word_1_259' title='bbox 1203 3169 1328 3234; x_wconf 84' lang='lat' dir='ltr'><strong>qua</strong></span> <span class='ocrx_word' id='word_1_260' title='bbox 1370 3146 1641 3234; x_wconf 91' lang='lat' dir='ltr'><strong>quisque</strong></span> <span class='ocrx_word' id='word_1_261' title='bbox 1683 3158 1781 3214; x_wconf 91' lang='lat' dir='ltr'><strong>est</strong></span> <span class='ocrx_word' id='word_1_262' title='bbox 1820 3156 2061 3227; x_wconf 90' lang='lat' dir='ltr'><strong>natura,</strong></span> <span class='ocrx_word' id='word_1_263' title='bbox 2105 3170 2233 3236; x_wconf 95' lang='lat' dir='ltr'><strong>quo</strong></span> <span class='ocrx_word' id='word_1_264' title='bbox 2276 3149 2721 3236; x_wconf 76' lang='lat' dir='ltr'><strong>quisquamn-</strong></span> 
     </span>
     <span class='ocr_line' id='line_1_32' title="bbox 371 3242 2722 3330; baseline 0.001 -22"><span class='ocrx_word' id='word_1_265' title='bbox 371 3261 523 3308; x_wconf 83' lang='lat' dir='ltr'><strong>nere</strong></span> <span class='ocrx_word' id='word_1_266' title='bbox 570 3242 879 3326; x_wconf 84' lang='lat' dir='ltr'><strong>fungitur,</strong></span> <span class='ocrx_word' id='word_1_267' title='bbox 931 3243 1159 3329; x_wconf 88' lang='lat' dir='ltr'><strong>quibus</strong></span> <span class='ocrx_word' id='word_1_268' title='bbox 1204 3243 1480 3329; x_wconf 89' lang='lat' dir='ltr'><strong>denique</strong></span> <span class='ocrx_word' id='word_1_269' title='bbox 1521 3242 1711 3308; x_wconf 89' lang='lat' dir='ltr'><strong>rebus</strong></span> <span class='ocrx_word' id='word_1_270' title='bbox 1752 3246 2050 3330; x_wconf 82' lang='lat' dir='ltr'><strong>tangitur,</strong></span> <span class='ocrx_word' id='word_1_271' title='bbox 2101 3246 2187 3309; x_wconf 90' lang='lat' dir='ltr'><strong>ita</strong></span> <span class='ocrx_word' id='word_1_272' title='bbox 2236 3246 2432 3330; x_wconf 87' lang='lat' dir='ltr'><strong>magis</strong></span> <span class='ocrx_word' id='word_1_273' title='bbox 2473 3245 2722 3311; x_wconf 87' lang='lat' dir='ltr'><strong>minus-</strong></span> 
     </span>
     <span class='ocr_line' id='line_1_33' title="bbox 372 3336 2724 3427; baseline 0 -22"><span class='ocrx_word' id='word_1_274' title='bbox 372 3359 447 3405; x_wconf 85' lang='lat' dir='ltr'><strong>ve</strong></span> <span class='ocrx_word' id='word_1_275' title='bbox 478 3337 603 3401; x_wconf 89' lang='lat' dir='ltr'><strong>litis</strong></span> <span class='ocrx_word' id='word_1_276' title='bbox 644 3336 810 3401; x_wconf 86' lang='lat' dir='ltr'><strong>illius</strong></span> <span class='ocrx_word' id='word_1_277' title='bbox 852 3338 1161 3423; x_wconf 86' lang='lat' dir='ltr'><strong>particeps</strong></span> <span class='ocrx_word' id='word_1_278' title='bbox 1205 3340 1310 3403; x_wconf 84' lang='lat' dir='ltr'><strong>fiat</strong></span> <span class='ocrx_word' id='word_1_279' title='bbox 1351 3346 1415 3404; x_wconf 84' lang='lat' dir='ltr'><strong>et</strong></span> <span class='ocrx_word' id='word_1_280' title='bbox 1456 3339 1846 3425; x_wconf 87' lang='lat' dir='ltr'><strong>aliquatenus</strong></span> <span class='ocrx_word' id='word_1_281' title='bbox 1888 3340 1961 3405; x_wconf 75' lang='lat' dir='ltr'><strong>ea</strong></span> <span class='ocrx_word' id='word_1_282' title='bbox 1994 3361 2060 3405; x_wconf 90' lang='lat' dir='ltr'><strong>se</strong></span> <span class='ocrx_word' id='word_1_283' title='bbox 2093 3339 2392 3427; x_wconf 87' lang='lat' dir='ltr'><strong>implicari</strong></span> <span class='ocrx_word' id='word_1_284' title='bbox 2434 3342 2724 3427; x_wconf 73' lang='lat' dir='ltr'><strong>patiatur.</strong></span> 
     </span>
     <span class='ocr_line' id='line_1_34' title="bbox 375 3431 2723 3524; baseline 0.001 -26"><span class='ocrx_word' id='word_1_285' title='bbox 375 3433 474 3498; x_wconf 72' lang='lat' dir='ltr'><strong>Ad</strong></span> <span class='ocrx_word' id='word_1_286' title='bbox 513 3433 732 3497; x_wconf 82' lang='lat' dir='ltr'><strong>Jovem</strong></span> <span class='ocrx_word' id='word_1_287' title='bbox 774 3431 1046 3516; x_wconf 88' lang='lat' dir='ltr'><strong>primum</strong></span> <span class='ocrx_word' id='word_1_288' title='bbox 1091 3433 1409 3519; x_wconf 88' lang='lat' dir='ltr'><strong>pertinent</strong></span> <span class='ocrx_word' id='word_1_289' title='bbox 1450 3434 1957 3523; x_wconf 88' lang='lat' dir='ltr'><strong>crudelitatisque</strong></span> <span class='ocrx_word' id='word_1_290' title='bbox 1999 3443 2064 3501; x_wconf 90' lang='lat' dir='ltr'><strong>et</strong></span> <span class='ocrx_word' id='word_1_291' title='bbox 2102 3436 2363 3522; x_wconf 86' lang='lat' dir='ltr'><strong>injuriae</strong></span> <span class='ocrx_word' id='word_1_292' title='bbox 2406 3458 2531 3524; x_wconf 91' lang='lat' dir='ltr'><strong>qua</strong></span> <span class='ocrx_word' id='word_1_293' title='bbox 2557 3438 2723 3502; x_wconf 90' lang='lat' dir='ltr'><strong>Pro-</strong></span> 
     </span>
     <span class='ocr_line' id='line_1_35' title="bbox 373 3526 2728 3597; baseline 0.001 -3"><span class='ocrx_word' id='word_1_294' title='bbox 373 3527 696 3594; x_wconf 84' lang='lat' dir='ltr'><strong>metheum</strong></span> <span class='ocrx_word' id='word_1_295' title='bbox 745 3526 935 3591; x_wconf 89' lang='lat' dir='ltr'><strong>afficit</strong></span> <span class='ocrx_word' id='word_1_296' title='bbox 984 3526 1305 3593; x_wconf 87' lang='lat' dir='ltr'><strong>ministros</strong></span> <span class='ocrx_word' id='word_1_297' title='bbox 1362 3529 1473 3595; x_wconf 87' lang='lat' dir='ltr'><strong>Vis</strong></span> <span class='ocrx_word' id='word_1_298' title='bbox 1528 3551 1670 3596; x_wconf 87' lang='lat' dir='ltr'><strong>cum</strong></span> <span class='ocrx_word' id='word_1_299' title='bbox 1723 3533 1977 3597; x_wconf 89' lang='lat' dir='ltr'><strong>Robore</strong></span> <span class='ocrx_word' id='word_1_300' title='bbox 2031 3553 2097 3596; x_wconf 92' lang='lat' dir='ltr'><strong>se</strong></span> <span class='ocrx_word' id='word_1_301' title='bbox 2148 3534 2434 3596; x_wconf 85' lang='lat' dir='ltr'><strong>offerunt.</strong></span> <span class='ocrx_word' id='word_1_302' title='bbox 2515 3537 2728 3597; x_wconf 82' lang='lat' dir='ltr'><strong>Acce-</strong></span> 
     </span>
     <span class='ocr_line' id='line_1_36' title="bbox 374 3622 2723 3712; baseline 0.003 -24"><span class='ocrx_word' id='word_1_303' title='bbox 374 3627 469 3710; x_wconf 91' lang='lat' dir='ltr'><strong>pit</strong></span> <span class='ocrx_word' id='word_1_304' title='bbox 517 3622 630 3688; x_wconf 84' lang='lat' dir='ltr'><strong>has</strong></span> <span class='ocrx_word' id='word_1_305' title='bbox 681 3629 871 3707; x_wconf 74' lang='lat' dir='ltr'><strong>poeta</strong></span> <span class='ocrx_word' id='word_1_306' title='bbox 929 3642 1233 3707; x_wconf 85' lang='lat' dir='ltr'><strong>personas</strong></span> <span class='ocrx_word' id='word_1_307' title='bbox 1296 3634 1468 3690; x_wconf 89' lang='lat' dir='ltr'><strong>certo</strong></span> <span class='ocrx_word' id='word_1_308' title='bbox 1530 3627 1814 3703; x_wconf 88' lang='lat' dir='ltr'><strong>nomine,</strong></span> <span class='ocrx_word' id='word_1_309' title='bbox 1877 3626 2189 3712; x_wconf 87' lang='lat' dir='ltr'><strong>simulque</strong></span> <span class='ocrx_word' id='word_1_310' title='bbox 2251 3637 2423 3693; x_wconf 89' lang='lat' dir='ltr'><strong>certo</strong></span> <span class='ocrx_word' id='word_1_311' title='bbox 2484 3627 2723 3695; x_wconf 85' lang='lat' dir='ltr'><strong>honore</strong></span> 
     </span>
     <span class='ocr_line' id='line_1_37' title="bbox 377 3717 2721 3810; baseline 0.003 -27"><span class='ocrx_word' id='word_1_312' title='bbox 377 3718 638 3786; x_wconf 88' lang='lat' dir='ltr'><strong>donatos</strong></span> <span class='ocrx_word' id='word_1_313' title='bbox 692 3718 769 3784; x_wconf 87' lang='lat' dir='ltr'><strong>ab</strong></span> <span class='ocrx_word' id='word_1_314' title='bbox 814 3717 1098 3783; x_wconf 85' lang='lat' dir='ltr'><strong>Hesiodo</strong></span> <span class='ocrx_word' id='word_1_315' title='bbox 1121 3720 1160 3803; x_wconf 75' lang='grc'><strong>*)</strong></span> <span class='ocrx_word' id='word_1_316' title='bbox 1223 3717 1428 3806; x_wconf 91' lang='lat' dir='ltr'><strong>adque</strong></span> <span class='ocrx_word' id='word_1_317' title='bbox 1489 3722 1793 3807; x_wconf 87' lang='lat' dir='ltr'><strong>tragicum</strong></span> <span class='ocrx_word' id='word_1_318' title='bbox 1856 3743 2040 3789; x_wconf 90' lang='lat' dir='ltr'><strong>suum</strong></span> <span class='ocrx_word' id='word_1_319' title='bbox 2106 3724 2435 3790; x_wconf 85' lang='lat' dir='ltr'><strong>consilium</strong></span> <span class='ocrx_word' id='word_1_320' title='bbox 2488 3724 2721 3810; x_wconf 87' lang='lat' dir='ltr'><strong>optime</strong></span> 
     </span>
    </p>
   </div>
   <div class='ocr_carea' id='block_1_3' title="bbox 375 3813 2724 3976">
    <p class='ocr_par' dir='ltr' id='par_1_7' title="bbox 375 3813 2724 3976">
     <span class='ocr_line' id='line_1_38' title="bbox 376 3813 2724 3904; baseline 0.003 -25"><span class='ocrx_word' id='word_1_321' title='bbox 376 3833 488 3879; x_wconf 86' lang='lat' dir='ltr'><strong>eos</strong></span> <span class='ocrx_word' id='word_1_322' title='bbox 529 3813 830 3879; x_wconf 89' lang='lat' dir='ltr'><strong>adhibuit.</strong></span> <span class='ocrx_word' id='word_1_323' title='bbox 911 3815 1200 3878; x_wconf 84' lang='lat' dir='ltr'><strong>Afferunt</strong></span> <span class='ocrx_word' id='word_1_324' title='bbox 1249 3814 1351 3880; x_wconf 89' lang='lat' dir='ltr'><strong>isti</strong></span> <span class='ocrx_word' id='word_1_325' title='bbox 1405 3838 1594 3901; x_wconf 88' lang='lat' dir='ltr'><strong>quem</strong></span> <span class='ocrx_word' id='word_1_326' title='bbox 1634 3819 1851 3887; x_wconf 81' lang='lat' dir='ltr'><strong>validis</strong></span> <span class='ocrx_word' id='word_1_327' title='bbox 1891 3819 2184 3885; x_wconf 86' lang='lat' dir='ltr'><strong>manibus</strong></span> <span class='ocrx_word' id='word_1_328' title='bbox 2224 3818 2724 3904; x_wconf 67' lang='lat' dir='ltr'><strong>comprehende-1·</strong></span> 
     </span>
     <span class='ocr_line' id='line_1_39' title="bbox 375 3909 1024 3976; baseline -0.002 0"><span class='ocrx_word' id='word_1_329' title='bbox 375 3916 524 3976; x_wconf 82' lang='lat' dir='ltr'><strong>runt</strong></span> <span class='ocrx_word' id='word_1_330' title='bbox 562 3909 1024 3975; x_wconf 78' lang='lat' dir='ltr'><strong>Ptometheum.</strong></span> 
     </span>
    </p>
   </div>
   <div class='ocr_carea' id='block_1_4' title="bbox 380 4002 2723 4178">
    <p class='ocr_par' dir='ltr' id='par_1_8' title="bbox 380 4002 2723 4178">
     <span class='ocr_line' id='line_1_40' title="bbox 539 4002 2723 4096; baseline 0.002 -28"><span class='ocrx_word' id='word_1_331' title='bbox 539 4002 837 4092; x_wconf 86' lang='lat' dir='ltr'><strong>Similiter</strong></span> <span class='ocrx_word' id='word_1_332' title='bbox 884 4007 1217 4072; x_wconf 89' lang='lat' dir='ltr'><strong>Vulcano</strong></span> <span class='ocrx_word' id='word_1_333' title='bbox 1267 4006 1555 4092; x_wconf 85' lang='lat' dir='ltr'><strong>affigendi</strong></span> <span class='ocrx_word' id='word_1_334' title='bbox 1603 4026 1832 4073; x_wconf 90' lang='lat' dir='ltr'><strong>munus</strong></span> <span class='ocrx_word' id='word_1_335' title='bbox 1883 4012 2225 4096; x_wconf 88' lang='lat' dir='ltr'><strong>prudenter</strong></span> <span class='ocrx_word' id='word_1_336' title='bbox 2275 4016 2373 4075; x_wconf 89' lang='lat' dir='ltr'><strong>est</strong></span> <span class='ocrx_word' id='word_1_337' title='bbox 2422 4008 2723 4076; x_wconf 89' lang='lat' dir='ltr'><strong>commis-</strong></span> 
     </span>
     <span class='ocr_line' id='line_1_41' title="bbox 380 4098 2722 4178; baseline 0.002 -12"><span class='ocrx_word' id='word_1_338' title='bbox 380 4119 549 4178; x_wconf 89' lang='lat' dir='ltr'><strong>sum,</strong></span> <span class='ocrx_word' id='word_1_339' title='bbox 598 4098 685 4164; x_wconf 90' lang='lat' dir='ltr'><strong>ita</strong></span> <span class='ocrx_word' id='word_1_340' title='bbox 732 4104 945 4165; x_wconf 84' lang='lat' dir='ltr'><strong>tamen</strong></span> <span class='ocrx_word' id='word_1_341' title='bbox 988 4110 1062 4167; x_wconf 91' lang='lat' dir='ltr'><strong>ut</strong></span> <span class='ocrx_word' id='word_1_342' title='bbox 1114 4102 1386 4168; x_wconf 88' lang='lat' dir='ltr'><strong>medium</strong></span> <span class='ocrx_word' id='word_1_343' title='bbox 1438 4103 1601 4167; x_wconf 88' lang='lat' dir='ltr'><strong>inter</strong></span> <span class='ocrx_word' id='word_1_344' title='bbox 1651 4104 1867 4170; x_wconf 87' lang='lat' dir='ltr'><strong>Jovem</strong></span> <span class='ocrx_word' id='word_1_345' title='bbox 1918 4112 1984 4171; x_wconf 89' lang='lat' dir='ltr'><strong>et</strong></span> <span class='ocrx_word' id='word_1_346' title='bbox 2021 4104 2465 4171; x_wconf 89' lang='lat' dir='ltr'><strong>Prometheum</strong></span> <span class='ocrx_word' id='word_1_347' title='bbox 2514 4103 2722 4170; x_wconf 86' lang='lat' dir='ltr'><strong>locum</strong></span> 
     </span>
    </p>
   </div>
   <div class='ocr_carea' id='block_1_5' title="bbox 377 4193 2724 4384">
    <p class='ocr_par' dir='ltr' id='par_1_9' title="bbox 377 4193 2724 4384">
     <span class='ocr_line' id='line_1_42' title="bbox 377 4193 2724 4285; baseline 0.002 -24"><span class='ocrx_word' id='word_1_348' title='bbox 377 4203 615 4274; x_wconf 84' lang='lat' dir='ltr'><strong>teneat,</strong></span> <span class='ocrx_word' id='word_1_349' title='bbox 667 4193 900 4283; x_wconf 86' lang='lat' dir='ltr'><strong>quippe</strong></span> <span class='ocrx_word' id='word_1_350' title='bbox 960 4196 1068 4282; x_wconf 87' lang='lat' dir='ltr'><strong>qui</strong></span> <span class='ocrx_word' id='word_1_351' title='bbox 1134 4199 1504 4285; x_wconf 85' lang='lat' dir='ltr'><strong>cognatione</strong></span> <span class='ocrx_word' id='word_1_352' title='bbox 1557 4207 1621 4264; x_wconf 91' lang='lat' dir='ltr'><strong>et</strong></span> <span class='ocrx_word' id='word_1_353' title='bbox 1680 4197 2093 4266; x_wconf 78' lang='lat' dir='ltr'><strong>familiaritate</strong></span> <span class='ocrx_word' id='word_1_354' title='bbox 2148 4222 2291 4268; x_wconf 90' lang='lat' dir='ltr'><strong>cum</strong></span> <span class='ocrx_word' id='word_1_355' title='bbox 2346 4199 2724 4268; x_wconf 86' lang='lat' dir='ltr'><strong>Prometheo</strong></span> 
     </span>
     <span class='ocr_line' id='line_1_43' title="bbox 379 4291 2268 4384; baseline 0.005 -30"><span class='ocrx_word' id='word_1_356' title='bbox 379 4291 749 4376; x_wconf 81' lang='lat' dir='ltr'><strong>conjunctus</strong></span> <span class='ocrx_word' id='word_1_357' title='bbox 788 4311 919 4355; x_wconf 88' lang='lat' dir='ltr'><strong>non</strong></span> <span class='ocrx_word' id='word_1_358' title='bbox 959 4291 1077 4357; x_wconf 91' lang='lat' dir='ltr'><strong>nisi</strong></span> <span class='ocrx_word' id='word_1_359' title='bbox 1118 4293 1345 4361; x_wconf 87' lang='lat' dir='ltr'><strong>invitus</strong></span> <span class='ocrx_word' id='word_1_360' title='bbox 1387 4295 1453 4361; x_wconf 88' lang='lat' dir='ltr'><strong>in</strong></span> <span class='ocrx_word' id='word_1_361' title='bbox 1493 4294 1737 4364; x_wconf 83' lang='lat' dir='ltr'><strong>vincula</strong></span> <span class='ocrx_word' id='word_1_362' title='bbox 1776 4316 1921 4362; x_wconf 90' lang='lat' dir='ltr'><strong>eum</strong></span> <span class='ocrx_word' id='word_1_363' title='bbox 1965 4296 2268 4384; x_wconf 85' lang='lat' dir='ltr'><strong>conjiciat.</strong></span> 
     </span>
    </p>
   </div>
   <div class='ocr_carea' id='block_1_6' title="bbox 378 4415 811 4428">
    <p class='ocr_par' dir='ltr' id='par_1_10' title="bbox 378 4415 811 4428">
     <span class='ocr_line' id='line_1_44' title="bbox 378 4415 811 4428; baseline 0 441"><span class='ocrx_word' id='word_1_364' title='bbox 378 4415 811 4428; x_wconf 95' lang='lat' dir='ltr'><strong> </strong></span> 
     </span>
    </p>
   </div>
   <div class='ocr_carea' id='block_1_7' title="bbox 520 4490 2141 4564">
    <p class='ocr_par' dir='ltr' id='par_1_11' title="bbox 520 4490 2141 4564">
     <span class='ocr_line' id='line_1_45' title="bbox 520 4490 2141 4564; baseline 0.009 -19"><span class='ocrx_word' id='word_1_365' title='bbox 520 4490 573 4555; x_wconf 75' lang='lat'><strong>*)</strong></span> <span class='ocrx_word' id='word_1_366' title='bbox 613 4500 677 4546; x_wconf 81' lang='lat' dir='ltr'><strong>cr.</strong></span> <span class='ocrx_word' id='word_1_367' title='bbox 715 4501 922 4549; x_wconf 71' lang='lat' dir='ltr'><strong>uesieu}</strong></span> <span class='ocrx_word' id='word_1_368' title='bbox 958 4506 1007 4548; x_wconf 80' lang='lat' dir='ltr'><strong>et</strong></span> <span class='ocrx_word' id='word_1_369' title='bbox 1044 4501 1339 4550; x_wconf 66' lang='lat' dir='ltr'><strong>etlumen}</strong></span> <span class='ocrx_word' id='word_1_370' title='bbox 1372 4507 1535 4554; x_wconf 79' lang='lat' dir='ltr'><strong>locum</strong></span> <span class='ocrx_word' id='word_1_371' title='bbox 1571 4517 1728 4564; x_wconf 73' lang='lat' dir='ltr'><strong>supra</strong></span> <span class='ocrx_word' id='word_1_372' title='bbox 1763 4511 2033 4559; x_wconf 69' lang='lat' dir='ltr'><strong>laudatum.</strong></span> <span class='ocrx_word' id='word_1_373' title='bbox 2074 4533 2141 4546; x_wconf 95' lang='lat'><strong>—</strong></span> 
     </span>
    </p>
   </div>
   <div class='ocr_carea' id='block_1_8' title="bbox 2936 39 2943 851">
    <p class='ocr_par' dir='ltr' id='par_1_12' title="bbox 2936 39 2943 851">
     <span class='ocr_line' id='line_1_46' title="bbox 2936 39 2943 851; baseline 0 0"><span class='ocrx_word' id='word_1_374' title='bbox 2936 39 2943 851; x_wconf 95' lang='lat' dir='ltr'><strong> </strong></span> 
     </span>
    </p>
   </div>
   <div class='ocr_carea' id='block_1_9' title="bbox 2945 1422 2953 2652">
    <p class='ocr_par' dir='ltr' id='par_1_13' title="bbox 2945 1422 2953 2652">
     <span class='ocr_line' id='line_1_47' title="bbox 2945 1422 2953 2652; baseline 0 0"><span class='ocrx_word' id='word_1_375' title='bbox 2945 1422 2953 2652; x_wconf 95' lang='lat' dir='ltr'><strong> </strong></span> 
     </span>
    </p>
   </div>
  </div>
 </body>
</html>
