2978 4869
1303 249 1705 312 ...3.-

1420 503 1474 574 §.
1517 507 1575 563 2.

492 619 721 683 Verum
775 614 854 679 de
905 612 1088 680 variis
1152 612 1298 677 belli
1353 610 1882 678 vicissitudinibus
1942 630 2138 699 quum
2194 609 2495 696 judicium
2559 602 2676 674 nisi

335 722 739 799 utrarumque
783 711 1055 797 partium
1100 708 1324 791 opibus
1367 718 1432 774 et
1471 709 1703 775 viribus
1754 709 1916 774 b'ene
1971 707 2314 795 perspectis
2358 707 2502 777 ferri
2555 729 2677 772 ne-

331 812 539 897 queat,
581 832 617 875 a
658 807 921 874 consilio
962 829 1105 872 meo
1146 806 1374 892 opinor
1400 827 1528 870 non
1556 806 1828 873 alienum
1854 827 2015 890 esse,
2055 812 2288 873 artem
2329 802 2675 891 Aeschyli

329 906 812 971 dramaticam
874 904 959 970 ita
1019 903 1286 990 primum
1349 923 1665 989 exponere
1726 911 1800 968 ut
1860 913 2161 989 quantum
2224 901 2422 967 valeat
2473 920 2548 965 ea
2598 900 2676 964 ad

332 1003 672 1068 ineundum
714 1000 973 1080 baluin,
1025 1014 1223 1087 quam·
1265 999 1494 1068 habeat
1534 1020 1650 1086 per
1689 1002 1757 1064 s'e
1800 1020 1942 1065 cum
1987 997 2286 1083 religione
2328 996 2678 1093 necessita-

332 1107 458 1163 tem
499 1098 702 1184 possit
749 1096 1022 1182 intelligi.

493 1195 822 1261 Universae
863 1212 1010 1261 vero
1053 1193 1265 1280 poesis
1306 1193 1385 1258 in·
1415 1213 1493 1258 eo
1544 1193 1748 1279 posita
1797 1199 1896 1256 est
1943 1189 2064 1270 vis,
2116 1199 2187 1256 ut
2228 1190 2433 1257 divina
2474 1210 2676 1276 quae-

330 1308 454 1377 que
497 1298 560 1355 et
600 1298 850 1355 aeterna
891 1311 1034 1356 cum
1077 1276 1373 1355 humana
1385 1289 1502 1354 hac
1543 1297 1607 1354 et
1647 1288 1814 1354 inani
1857 1308 2068 1353 rerum
2106 1287 2487 1364 conditione,
2531 1306 2675 1352 cum

331 1387 556 1483 inQis
625 1406 896 1467 summa,
973 1387 1294 1451 terrestria
1367 1386 1639 1472 denique
1710 1404 1851 1450 cum
1923 1383 2300 1450 coelestibus
2365 1383 2672 1448 conciliet.

329 1483 561 1560 Haec
542 1505 607 1549 m
651 1483 867 1569 epica
908 1482 1177 1568 primum
1220 1483 1403 1569 poesi
1441 1483 1526 1546 ita
1569 1482 1731 1546 inest
1778 1500 1988 1547 rerum
2027 1489 2163 1546 toto
2207 1476 2385 1546 coelo
2427 1480 2676 1545 distan-

330 1578 484 1645 tium
528 1579 875 1657 conciliato,
916 1587 990 1644 ut
1029 1600 1157 1644 non
1192 1586 1327 1674 tam
1369 1587 1501 1645 arte
1545 1578 1702 1643 facta
1745 1599 1933 1664 quam
1963 1598 1999 1642 a
2028 1585 2249 1642 natura
2278 1576 2439 1653 data,
2483 1577 2675 1642 immo

330 1696 453 1739 non
493 1683 620 1740 tam
663 1674 1043 1752 conciliatio,
1094 1675 1157 1741 id
1208 1685 1304 1741 est
1354 1676 1597 1741 sublata
1647 1675 1954 1739 discordia
1997 1695 2186 1760 quam
2230 1674 2475 1740 inventa
2518 1695 2676 1738 con-

330 1772 541 1839 cordia
583 1792 725 1837 esse
762 1772 1062 1837 videatur.
1132 1772 1388 1839 Nullum
1416 1771 1606 1856 igitur
1630 1771 1919 1835 carminis
1922 1762 2104 1880 ‘epici
2136 1771 2483 1881 consilium,
2528 1792 2675 1836 cer-

330 1867 411 1932 tis
456 1866 686 1935 tinibus
737 1868 1136 1954 descriptum.
1228 1868 1394 1934 Sunt
1439 1867 1675 1953 ubique
1728 1866 1857 1945 dei,
1919 1866 1983 1930 in
2034 1867 2251 1977 quovis
2299 1867 2676 1933 narrationis

330 1964 468 2029 loco
511 1985 653 2031 cum
693 1965 1010 2051 voluptate
1054 1965 1321 2052 quadam
1364 1984 1853 2041 commoramur,
1904 1963 2093 2029 etiam
2145 1964 2209 2028 in
2260 1964 2467 2029 medio
2509 1962 2675 2028 bello

329 2058 565 2124 altioris
618 2060 939 2147 cujusdam
991 2060 1162 2147 pacis
1215 2061 1651 2149 amoenitatem
1702 2060 2084 2148 percipimus
2144 2081 2352 2147 neque
2415 2067 2515 2126 est
2566 2081 2677 2124 cur

329 2155 462 2221 deis
509 2157 1018 2244 tranquillitatem
1061 2157 1226 2223 illam
1270 2165 1334 2222 et
1373 2157 1848 2236 beatitudinem,
1886 2159 2078 2223 immo
2121 2178 2200 2223 nc
2238 2156 2678 2222 immortalita-

328 2260 456 2318 tem
499 2254 754 2340 quidem
796 2254 1208 2332 invideamuS‚
1260 2274 1455 2341 quum
1500 2254 1719 2320 iisdem
1764 2262 1829 2318 et
1868 2266 1985 2320 nos
2028 2255 2292 2340 legendo
2333 2254 2515 2319 bonis
2558 2244 2678 2318 exss-

329 2349 479 2413 imio
530 2372 678 2415 sane
731 2358 955 2438 poetae
1005 2371 1265 2415 munere
1318 2351 1641 2417 donemur.
1736 2351 1949 2431 Quare
2004 2351 2249 2425 duabus
2301 2357 2543 2416 tantum
2598 2351 2675 2414 de

328 2447 534 2511 causis
576 2468 703 2513 non
744 2446 929 2512 nimis
973 2467 1215 2512 errasse
1258 2467 1485 2513 censeo
1529 2448 1954 2524 Aristotelem,
1997 2447 2252 2513 Homeri
2299 2447 2678 2512 carminibus

327 2551 568 2609 certum
613 2543 970 2622 consilium,
1023 2552 1229 2610 certos
1281 2543 1628 2630 argumenti
1673 2544 1828 2609 fines
1870 2544 2354 2610 adscribentem:
2405 2543 2676 2630 primum

328 2638 498 2725 quod
543 2638 743 2706 divina
785 2640 888 2705 illa
928 2641 1211 2707 carmina*
1242 2641 1448 2729 qualia
1483 2642 1611 2728 jam
1648 2640 2000 2707 Aristotelis
2042 2649 2246 2734 aetate
2286 2639 2676 2730 legebantur,

330 2735 632 2821 imprimis
672 2755 819 2803 vero
864 2736 1210 2823 Odysseam
1252 2755 1463 2805 revera
1507 2737 1719 2803 nescio
1762 2757 2030 2824 quorum
2074 2739 2397 2805 hominum
2441 2735 2689 2823 ineptia*

328 2831 792 2917 quodammodo
835 2833 913 2896 ad
965 2838 1169 2896 certos
1212 2833 1368 2898 fines
1409 2833 1590 2900 video
1628 2842 1914 2899 revocata
1954 2856 2112 2912 esse,
2153 2843 2288 2900 tum
2329 2856 2475 2902 vero
2507 2832 2679 2919 quod

328 2948 407 2992 eo
450 2928 587 3014 ipso
629 2927 788 3015 epici
832 2928 1120 2993 carminis
1161 2928 1281 2995 vim
1325 2928 1417 2994 vel
1462 2928 1687 2995 invitus
1730 2929 1953 2994 melius
1997 2921 2098 2994 in'e
2136 2928 2442 3008 indicavit,
2487 2949 2675 3017 quam

329 3023 382 3089 si
433 3025 764 3092 consilium
814 3024 878 3089 in
932 3025 1008 3091 iis
1058 3026 1217 3091 bene
1262 3025 1586 3092 definitum
1628 3048 1754 3092 non
1796 3026 2085 3113 reperiri,
2139 3026 2477 3093 desiderari
2531 3049 2675 3094 vero

329 3121 1158 3187 contendisset—Acutius
1187 3142 1319 3186 rem
1355 3121 1481 3208 jam
1514 3124 1923 3188 Her-derum
1948 3127 1988 3208 *)
2032 3122 2220 3187 video
2262 3121 2680 3209 perspexisse,

298 3233 526 3303 “quum
577 3218 916 3283 narrationi
970 3239 1085 3306 per
1135 3239 1201 3283 se
1258 3220 1515 3283 omnino
1567 3218 1794 3284 finibus
1846 3219 2032 3283 certis
2086 3240 2212 3283 non
2265 3218 2555 3284 definitae
2600 3239 2677 3285 ex

329 3312 464 3377 solo
508 3308 733 3398 poetae
776 3314 936 3401 epici
979 3313 1233 3380 arbitrio
1279 3323 1339 3379 et
1381 3314 1627 3380 initium
1671 3315 1800 3380 dari
1844 3323 1905 3381 et
1945 3315 2132 3380 finem
2173 3315 2467 3382 constitui
2497 3315 2677 3382 dixe-

328 3407 426 3472 rit.
509 3410 626 3474 Est
663 3410 986 3495 ingeniosa
1028 3411 1216 3476 etiam
1261 3411 1674 3496 schlegeliji
1699 3411 1763 3496 ”)
1815 3411 1917 3476 illa
1960 3413 2342 3494 comparatio
2385 3413 2676 3477 carminis

329 3503 491 3589 epici
537 3526 676 3570 cum
720 3528 912 3595 opere
956 3507 1191 3573 caelato
1234 3509 1404 3594 quod
1447 3514 1512 3572 et
1552 3507 1757 3594 ipsum
1810 3506 1876 3573 in
1925 3510 2140 3574 orbem
2185 3509 2678 3575 circumductum

329 3622 457 3665 non
518 3601 743 3669 habeat
802 3626 1009 3691 neque
1069 3601 1180 3670 ubi
1231 3604 1478 3670 initium
1529 3626 1734 3691 neque
1794 3605 1903 3670 ubi
1966 3606 2106 3670 finis
2157 3604 2676 3692 deprehendatur.

328 3698 775 3764 Verumtamen
816 3701 1147 3766 concordia
1189 3700 1306 3765 ista
1357 3707 1422 3765 et
1471 3701 1887 3788 tranquillitas
1924 3702 2081 3766 inde
2133 3710 2305 3780 nata,
2361 3707 2485 3788 qua'
2534 3724 2676 3767 car-

329 3794 496 3860 mine
539 3795 719 3882 epico
762 3795 1027 3882 legendo
1069 3804 1133 3861 et
1175 3797 1294 3879 ipsi
1338 3796 1703 3876 imbuimur,
1747 3820 1872 3863 non
1917 3799 2002 3863 ita
2043 3805 2396 3885 comparata
2440 3805 2562 3876 est,
2605 3807 2677 3865 ut

328 3890 534 3977 perire
577 3901 869 3980 nequeat.
951 3894 1151 3959 Immo
1196 3893 1442 3960 interno
1487 3893 1757 3980 quodam
1800 3894 1997 3960 forma
2040 3895 2216 3980 epica
2243 3895 2483 3963 laborat
2510 3897 2679 3975 vitio,

327 4007 459 4074 quo
501 4008 581 4052 ne
624 4009 929 4056 summam
971 3991 1121 4056 artis
1164 4013 1238 4057 ea
1280 3991 1581 4056 contineri
1626 3991 1959 4078 opinemur
1997 3992 2346 4078 praevisum
2377 4003 2489 4060 est.
2560 3994 2677 4058 Vi-

328 4082 553 4149 delicet
614 4088 783 4171 quod
844 4087 1110 4153 maxime
1173 4088 1299 4173 agit
1357 4089 1704 4166 HomeruS,
1766 4096 1838 4153 ut
1897 4089 2133 4177 ubique
2195 4111 2311 4155 nos
2382 4096 2676 4155 contento

253 4182 266 4190 ”
329 4180 535 4248 animo
577 4181 875 4263 retineat,
926 4183 988 4250 id
1040 4185 1377 4271 quominus
1428 4192 1835 4270 assequatur,
1884 4185 2021 4272 ipso
2072 4187 2443 4252 narrationis
2487 4207 2678 4270 argu-

332 4348 427 4355 ——-

334 4517 364 4572 ί
401 4519 429 4565 d
467 4443 527 4568 ⁸¹¹)
560 4453 754 4568 ιξῐοιιιθι·
791 4454 888 4500 und
938 4455 1030 4500 das
1076 4457 1229 4510 spos.
1265 4455 1336 4500 lu.
1412 4455 1539 4500 vom
1578 4454 1839 4503 Konstbau
1886 4456 1973 4502 des
2011 4457 2163 4510 EpoS.
2205 4453 2326 4510 om».
2372 4455 2431 4504 X.
2474 4467 2520 4511 p.
2561 4420 2665 4503 3οἒ

371 4531 398 4563 e
436 4550 446 4563 .
632 4555 643 4566 .

476 4525 557 4649 ’ξ
592 4518 945 4652 ἱέῆθειιηεθιι
981 4592 1104 4644 tiber
1141 4598 1347 4645 dramat.
1388 4597 1552 4649 Kunst
1591 4599 1686 4644 und
1715 4597 1997 4643 Lmen-atur.
2037 4597 2075 4640 Ι.
2115 4605 2161 4651 p.
2206 4596 2320 4643 ¹26.
2364 4581 2489 4643 ¹27.

2166 4675 2251 4729 l*
