2978 4869
1210 220 1647 287 ...35-

279 376 285 389 ’
406 390 771 459 Mercurii
811 410 1004 473 porro
1058 397 1344 457 naturam
1383 411 1513 457 non
1554 391 1764 459 minus
1801 392 2145 479 prudenter
2183 397 2583 483 perspiciens,

247 488 435 575 plane
457 488 733 554 deditum
775 508 922 554 eum
959 487 1098 555 Jovi
1138 495 1325 575 poeta
1365 487 1632 567 effinxit,
1674 511 1793 555 nec
1832 490 2040 571 potuit
2077 490 2266 559 alium
2310 493 2585 561 invenire

251 585 359 651 cui
399 585 602 668 aptius
645 583 1076 652 conviciatoris
1120 592 1184 650 et
1223 584 1425 650 nuntii
1457 586 1658 651 fatalis
1699 606 1929 651 munus
1970 587 2311 653 mandaret.
2370 591 2585 657 Altera

248 703 328 747 ex
356 689 530 764 parte
564 680 713 747 satis
749 701 886 746 esse
908 688 1137 767 putans
1180 681 1243 746 in
1287 680 1420 746 solo
1441 681 1818 747 Prometheo
1857 682 2079 750 virium
2122 684 2353 771 quippe
2396 708 2584 773 quem

246 784 640 863 praesentem
677 777 863 843 etiam
892 778 1218 843 induceret
1244 797 1439 863 quum
1467 778 1788 843 absentem
1818 778 2081 864 fingeret
2098 781 2352 858 Jovem,<
2376 783 2586 848 minus

243 880 455 953 partes
477 872 611 958 ejus
654 873 917 940 aliorum
961 874 1218 940 deorum
1262 872 1483 937 officiis
1526 872 1699 938 auxit
1739 881 1803 938 et
1841 874 2206 943 honestavit.
2288 878 2584 963 Respon-

244 969 351 1033 det
387 976 595 1035 tamen
627 970 1087 1056 quodammodo
1115 969 1394 1036 Vulcano
1419 968 1730 1035 Oceanus.
1801 970 1982 1048 Quae
2022 970 2167 1036 huic
2207 993 2245 1036 a
2286 973 2583 1058 religione
2627 1028 2632 1035 ,

240 1072 462 1130 natura
486 1070 619 1130 erat
639 1065 952 1144 attributa,
993 1065 1279 1151 permisit
1320 1086 1393 1130 ea
1422 1072 1670 1148 poetae,
1713 1066 2048 1131 accedente
2083 1069 2471 1152 cognatione,
2511 1077 2585 1137 ut

240 1161 507 1249 probum
550 1183 696 1227 eum
736 1162 1112 1228 Prometheo
1164 1161 1431 1227 amicum
1495 1160 1885 1248 adjungeret,
1955 1162 2040 1228 ita
2097 1171 2339 1243 tamen,
2399 1173 2472 1231 ut
2521 1174 2587 1232 et

241 1256 502 1322 consilio
553 1279 696 1323 eum
747 1266 813 1324 et
863 1258 1211 1325 constantia
1260 1258 1637 1324 Prometheo
1690 1258 1872 1342 longe
1923 1258 2281 1324 inferiorem
2332 1263 2584 1327 faceret.

237 1353 603 1438 Respondet
643 1354 828 1419 etiam
881 1374 1160 1421 summae
1223 1355 1585 1419 Mercurii
1643 1354 1787 1419 fidei
1844 1375 2030 1441 quam
2071 1354 2209 1420 Jovi
2261 1363 2460 1423 servat
2510 1379 2584 1422 ea

228 1468 428 1534 quarn
472 1449 535 1513 in
577 1449 700 1516 fine
746 1449 1019 1515 chorus
1063 1469 1207 1534 erga
1227 1450 1673 1515 Prometheum
1715 1449 2010 1530 pietatem
2053 1451 2400 1531 profitetur.
2456 1452 2584 1519 Sed

239 1544 360 1608 iam
406 1552 585 1610 antea
626 1544 888 1611 vidimus
932 1567 1077 1611 eum
1120 1564 1248 1610 non
1297 1566 1434 1610 esse
1488 1544 1809 1632 proprium
1852 1551 1916 1609 et
1955 1553 2327 1631 perpetuum
2371 1548 2583 1613 chori—

235 1640 531 1705 animum.
621 1642 699 1707 Jo
742 1642 1013 1729 denique
1055 1649 1357 1728 quantum
1402 1641 1587 1708 faciat
1628 1641 1702 1705 ad
1748 1640 2092 1725 augendam
2133 1641 2301 1708 «Iovis
2345 1642 2584 1730 iniqui-

233 1743 424 1800 tatem
466 1737 567 1800 hic
608 1736 810 1801 dicere
851 1737 1006 1801 nihil
1045 1737 1301 1825 attinet.
1344 1736 1455 1801 ubi
1498 1738 1757 1801 deorum
1805 1736 2236 1803 tantummodo
2277 1738 2584 1807 rationem

236 1831 557 1897 habemus,
720 1902 723 1905 ,
842 1822 859 1831 ‘

394 1930 527 1994 Hos
579 1949 726 1997 vero
777 1929 929 1994 deos
980 1935 1316 2016 postquam
1375 1932 1584 2008 partes
1646 1923 1911 1992 vidimus
1978 1927 2293 2008 accepisse
2351 1929 2581 2016 quibus

235 2044 494 2108 magnae
536 2023 700 2091 illius
731 2024 991 2091 deorum
1033 2024 1157 2088 litis
1199 2022 1532 2109 participes
1574 2022 1823 2099 fierent,
1866 2022 2053 2087 deum
2095 2023 2276 2089 nobis
2316 2025 2581 2090 Prome-

235 2120 421 2185 theus
463 2119 703 2185 solutus
745 2122 940 2198 affert,
985 2119 1036 2185 si
1080 2141 1202 2207 qua
1246 2126 1361 2197 est,
1406 2139 1568 2205 quae
1610 2117 1888 2201 profecto
1930 2117 2143 2204 negari
2186 2140 2312 2184 non
2354 2129 2581 2205 potest,

234 2215 617 2280 Welckeri
669 2215 1061 2302 conjecturae
1105 2216 1260 2281 fides
1302 2214 1605 2291 habenda,
1628 2213 1669 2299 ¹¹)
1726 2213 1911 2280 deum
1966 2213 2222 2301 inquam
2265 2237 2392 2303 non
2436 2217 2582 2282 belli

237 2311 347 2376 sed
389 2312 557 2396 pacis
597 2321 743 2397 post
790 2311 1024 2377 bellum
1076 2310 1269 2375 factae
1320 2309 1667 2396 adjutorem
1732 2309 2160 2376 Chironem.
2266 2312 2391 2377 Sed
2452 2336 2580 2380 non

237 2406 442 2474 solum
481 2407 649 2473 hunc
692 2405 801 2472 sed
842 2405 1037 2491 magis
1091 2405 1277 2470 etiam
1331 2427 1492 2493 quae
1543 2405 1619 2471 de
1671 2404 1932 2471 aliorum
1975 2406 2235 2474 deorum
2290 2409 2472 2475 simili
2516 2410 2581 2474 in

234 2504 571 2589 deperditis
611 2503 947 2588 tragoediis
991 2501 1347 2567 conditione
1370 2500 1783 2587 conjiciuntur
1811 2522 1925 2585 pro
1959 2502 2209 2567 incertis
2242 2505 2581 2582 mittamuS,

232 2619 429 2665 unum
472 2607 797 2683 praeterea
832 2597 1291 2664 Mercurium
1337 2597 1545 2661 denuo
1587 2596 1832 2662 adituri.

392 2694 825 2764 Orestemhic
864 2694 930 2758 in
949 2694 1403 2761 Eumenidihus
1447 2713 1483 2758 a
1524 2695 1711 2758 fratre
1736 2693 2023 2779 Apolline
2066 2694 2166 2780 pie
2211 2694 2578 2761 custodien-

233 2790 383 2855 dum
425 2798 489 2854 et
530 2789 1000 2855 conducendum
1045 2788 1285 2873 accipit.
1379 2787 1587 2865 Quam
1642 2787 1766 2851 sint
1805 2796 2041 2854 mutata
2084 2791 2292 2855 omnia
2332 2791 2396 2855 in
2436 2791 2578 2857 Eu-

232 2885 615 2964 menidihus,
657 2885 817 2950 hanc
847 2884 898 2948 si
933 2905 1073 2950 cum
1094 2881 1471 2948 Prometheo
1507 2883 1985 2967 comparaveriS‚
2027 2885 2232 2949 statim
2254 2884 2579 2972 intelliges,

232 2980 386 3045 Ideo
427 2988 491 3046 et
531 2981 687 3046 alius
728 2980 828 3045 hic
870 2979 1299 3046 Mercurius
1344 2979 1540 3056 adest,
1584 2979 1667 3043 ita
1707 2986 1917 3044 tamen
1954 2986 2029 3043 ut
2055 2979 2225 3046 Jovis
2268 2980 2581 3059 nuntium,

235 3075 500 3140 deorum
549 3075 895 3140 recentium
938 3075 1218 3158 partibus
1259 3073 1665 3158 adscriptum,
1705 3074 2168 3139 Mercurium
2209 3111 2288 3122 —-
2328 3083 2401 3141 ut
2447 3097 2579 3141 uno

231 3171 421 3238 verbo
464 3170 664 3236 dicam
704 3206 784 3216 —
826 3169 1071 3256 qualem
1114 3167 1336 3234 Graeci
1378 3171 1483 3254 pio
1527 3170 1733 3234 animo
1778 3168 2117 3233 credebant
2157 3206 2231 3216 —
2274 3170 2373 3237 hic
2408 3193 2578 3257 quo-

233 3288 357 3353 que
400 3287 757 3352 cognoscaS.
809 3267 1123 3332 Mutatum
1164 3286 1311 3331 vero
1354 3263 1598 3329 fabulae
1641 3261 1996 3340 consilium,
2047 3285 2256 3330 rerum
2301 3263 2577 3333 conditio

229 3363 347 3428 hac
391 3362 454 3427 in
494 3362 701 3428 fabula
741 3380 998 3447 prorsus
1041 3361 1156 3426 alia
1208 3367 1270 3424 et
1312 3360 1553 3426 diversa
1604 3358 1725 3423 alio
1776 3379 2029 3445 quoque
2078 3382 2337 3426 munere
2391 3362 2578 3428 deum

231 3458 512 3535 donavit,
564 3458 681 3522 alia
731 3464 1048 3543 agentem,
1109 3455 1283 3520 aliter
1325 3477 1390 3520 se
1434 3463 1752 3541 gerentem
1814 3475 1958 3521 eum
2019 3456 2316 3521 exhibuit.
2405 3458 2580 3538 Quid

230 3554 469 3619 multa?
510 3559 633 3618 stat
673 3552 772 3617 ille
814 3572 850 3617 a
880 3550 1160 3637 partibus
1202 3551 1517 3617 Minervae
1540 3558 1603 3616 et
1622 3549 1946 3636 Apollinis,
1990 3549 2111 3616 iam
2154 3573 2280 3616 non
2309 3553 2576 3618 Prome-

229 3648 358 3715 thei
401 3647 510 3713 sed
558 3648 978 3713 Eumenidum
1027 3645 1436 3713 adversarius.
1534 3646 1746 3724 Quare
1800 3666 1995 3732 quum
2048 3666 2292 3711 summa
2343 3646 2407 3710 in
2460 3646 2577 3711 hac

230 3741 547 3829 tragoedia
580 3744 838 3809 deorum
881 3743 1255 3819 recentium,
1298 3761 1516 3806 eorum
1546 3741 1897 3826 praecipae,
1942 3739 2169 3827 quibus
2191 3741 2328 3806 iura
2358 3742 2577 3821 civilia,

230 3840 402 3926 pacis
443 3839 610 3925 leges
653 3849 716 3905 et
754 3838 1022 3904 maxima
1051 3857 1339 3923 quaeque
1382 3836 1458 3901 ad
1498 3836 1948 3902 humanitatem
1989 3835 2361 3921 pertinentia
2402 3839 2577 3906 cordi

230 3944 383 4002 sunt
422 3955 565 3999 cum
607 3934 739 4002 deis
782 3933 1232 4021 antiquissimis
1276 3931 1394 3999 illis
1438 3939 1689 3997 strenue
1740 3939 1999 3996 naturae
2044 3931 2211 4016 leges
2253 3934 2575 3999 tuentibus

229 4032 308 4097 lis
350 4029 457 4109 sit,
500 4050 627 4094 non
670 4031 733 4096 in
775 4031 978 4098 media
1019 4029 1135 4095 hac
1176 4029 1280 4095 lite
1321 4028 1564 4115 positus
1594 4034 1692 4092 est
1713 4027 2091 4106 MercuriuS,
2144 4027 2252 4092 sed
2294 4037 2575 4113 practer-

231 4128 369 4192 iens
408 4131 649 4190 tantum
694 4124 758 4191 in
801 4146 1049 4192 scenam
1093 4125 1461 4212 ingreditur,
1528 4131 1594 4188 et
1644 4130 1828 4208 caput
1881 4129 2096 4208 postea
2147 4145 2356 4190 rerum
2409 4119 2574 4204 apud

230 4221 584 4307 Apollinem
627 4228 692 4285 et
727 4222 1068 4289 Minervam
1120 4229 1347 4287 manet.
1438 4217 1522 4285 Hi
1566 4219 1690 4283 duo
1745 4239 1946 4285 sacras
1998 4219 2131 4286 illas
2172 4214 2573 4284 humanitatis

231 4318 405 4405 leges
462 4317 728 4384 maxime
789 4325 1009 4383 curant
1067 4325 1134 4384 et
1192 4316 1399 4403 paullo
1468 4314 1677 4380 minus
1739 4316 1993 4384 eaedem
2054 4315 2133 4381 ad
2194 4309 2574 4378 Mercurium

373 4522 426 4587 “)
463 4530 529 4578 cs.
568 4533 805 4581 wolck-
842 4542 889 4587 p.
930 4515 1015 4580 4³2.
1054 4527 1138 4579 48.
1216 4530 1438 4586 θωνα.
1477 4540 1527 4585 n.
1567 4524 1687 4579 4³9.
1726 4532 1775 4575 ct
1810 4536 1966 4581 supra
2003 4517 2147 4667 ἃς..
