<?xml version="1.0" encoding="UTF-8"?>
<!DOCTYPE html PUBLIC "-//W3C//DTD XHTML 1.0 Transitional//EN"
    "http://www.w3.org/TR/xhtml1/DTD/xhtml1-transitional.dtd">
<html xmlns="http://www.w3.org/1999/xhtml" xml:lang="en" lang="en">
 <head>
  <title>
</title>
<meta http-equiv="Content-Type" content="text/html;charset=utf-8" />
  <meta name='ocr-system' content='tesseract 3.04.00' />
  <meta name='ocr-capabilities' content='ocr_page ocr_carea ocr_par ocr_line ocrx_word'/>
</head>
<body>
  <div class='ocr_page' id='page_1' title='image "./dererumdivinaru00haymgoog_0049.png"; bbox 0 0 2978 4869; ppageno 0'>
   <div class='ocr_carea' id='block_1_1' title="bbox 2272 0 2961 4">
    <p class='ocr_par' dir='ltr' id='par_1_1' title="bbox 2272 0 2961 4">
     <span class='ocr_line' id='line_1_1' title="bbox 2272 0 2961 4; baseline 0 0"><span class='ocrx_word' id='word_1_1' title='bbox 2272 0 2961 4; x_wconf 95' lang='lat' dir='ltr'><strong> </strong></span> 
     </span>
    </p>
   </div>
   <div class='ocr_carea' id='block_1_2' title="bbox 1224 213 1666 279">
    <p class='ocr_par' dir='ltr' id='par_1_2' title="bbox 1224 213 1666 279">
     <span class='ocr_line' id='line_1_2' title="bbox 1224 213 1666 279; baseline 0.002 -17"><span class='ocrx_word' id='word_1_2' title='bbox 1224 213 1666 279; x_wconf 40' lang='grc' dir='ltr'><em>...Μ-..ψ</em></span> 
     </span>
    </p>
   </div>
   <div class='ocr_carea' id='block_1_3' title="bbox 277 383 2629 3544">
    <p class='ocr_par' dir='ltr' id='par_1_3' title="bbox 277 383 2627 1900">
     <span class='ocr_line' id='line_1_3' title="bbox 284 383 2619 478; baseline 0.003 -25"><span class='ocrx_word' id='word_1_3' title='bbox 284 407 425 454; x_wconf 88' lang='lat' dir='ltr'><strong>rum</strong></span> <span class='ocrx_word' id='word_1_4' title='bbox 469 406 795 453; x_wconf 91' lang='lat' dir='ltr'><strong>numerum</strong></span> <span class='ocrx_word' id='word_1_5' title='bbox 846 406 915 451; x_wconf 88' lang='lat' dir='ltr'><strong>se</strong></span> <span class='ocrx_word' id='word_1_6' title='bbox 966 384 1344 472; x_wconf 86' lang='lat' dir='ltr'><strong>adjecturam</strong></span> <span class='ocrx_word' id='word_1_7' title='bbox 1395 406 1536 451; x_wconf 90' lang='lat' dir='ltr'><strong>esse</strong></span> <span class='ocrx_word' id='word_1_8' title='bbox 1576 383 2058 471; x_wconf 82' lang='lat' dir='ltr'><strong>pronuntiasset.</strong></span> <span class='ocrx_word' id='word_1_9' title='bbox 2137 389 2223 454; x_wconf 81' lang='lat' dir='ltr'><strong>At</strong></span> <span class='ocrx_word' id='word_1_10' title='bbox 2272 410 2398 476; x_wconf 91' lang='lat' dir='ltr'><strong>quo</strong></span> <span class='ocrx_word' id='word_1_11' title='bbox 2438 400 2619 478; x_wconf 88' lang='lat' dir='ltr'><strong>pacto</strong></span> 
     </span>
     <span class='ocr_line' id='line_1_4' title="bbox 284 479 2620 575; baseline 0.003 -27"><span class='ocrx_word' id='word_1_12' title='bbox 284 483 504 568; x_wconf 76' lang='lat' dir='ltr'><strong>frigeat</strong></span> <span class='ocrx_word' id='word_1_13' title='bbox 542 505 659 568; x_wconf 85' lang='lat' dir='ltr'><strong>ego</strong></span> <span class='ocrx_word' id='word_1_14' title='bbox 698 504 828 548; x_wconf 90' lang='lat' dir='ltr'><strong>non</strong></span> <span class='ocrx_word' id='word_1_15' title='bbox 870 481 1069 548; x_wconf 89' lang='lat' dir='ltr'><strong>video.</strong></span> <span class='ocrx_word' id='word_1_16' title='bbox 1142 482 1192 544; x_wconf 89' lang='lat' dir='ltr'>F</span> <span class='ocrx_word' id='word_1_17' title='bbox 1195 481 1441 566; x_wconf 84' lang='lat' dir='ltr'><strong>rigeret,</strong></span> <span class='ocrx_word' id='word_1_18' title='bbox 1484 481 1548 545; x_wconf 92' lang='lat' dir='ltr'><strong>ni</strong></span> <span class='ocrx_word' id='word_1_19' title='bbox 1589 480 1782 559; x_wconf 87' lang='lat' dir='ltr'><strong>fallor,</strong></span> <span class='ocrx_word' id='word_1_20' title='bbox 1826 479 1877 544; x_wconf 84' lang='lat' dir='ltr'><strong>si</strong></span> <span class='ocrx_word' id='word_1_21' title='bbox 1919 480 2153 546; x_wconf 89' lang='lat' dir='ltr'><strong>diceret</strong></span> <span class='ocrx_word' id='word_1_22' title='bbox 2192 484 2327 563; x_wconf 86' lang='lat' dir='ltr'><strong>dea,</strong></span> <span class='ocrx_word' id='word_1_23' title='bbox 2371 489 2620 575; x_wconf 86' lang='lat' dir='ltr'><strong>majoris</strong></span> 
     </span>
     <span class='ocr_line' id='line_1_5' title="bbox 285 575 2622 663; baseline 0.003 -20"><span class='ocrx_word' id='word_1_24' title='bbox 285 579 660 645; x_wconf 89' lang='lat' dir='ltr'><strong>calculorum</strong></span> <span class='ocrx_word' id='word_1_25' title='bbox 712 578 956 643; x_wconf 91' lang='lat' dir='ltr'><strong>numeri</strong></span> <span class='ocrx_word' id='word_1_26' title='bbox 1012 583 1363 662; x_wconf 89' lang='lat' dir='ltr'><strong>compotem</strong></span> <span class='ocrx_word' id='word_1_27' title='bbox 1418 577 1745 642; x_wconf 88' lang='lat' dir='ltr'><strong>liberatum</strong></span> <span class='ocrx_word' id='word_1_28' title='bbox 1796 575 1870 640; x_wconf 86' lang='lat' dir='ltr'><strong>iri</strong></span> <span class='ocrx_word' id='word_1_29' title='bbox 1922 575 2232 644; x_wconf 79' lang='lat' dir='ltr'><strong>Orestem.</strong></span> <span class='ocrx_word' id='word_1_30' title='bbox 2313 582 2437 648; x_wconf 92' lang='lat' dir='ltr'><strong>Sed</strong></span> <span class='ocrx_word' id='word_1_31' title='bbox 2486 584 2622 663; x_wconf 88' lang='lat' dir='ltr'><strong>hoc,</strong></span> 
     </span>
     <span class='ocr_line' id='line_1_6' title="bbox 283 672 2623 758; baseline 0.003 -18"><span class='ocrx_word' id='word_1_32' title='bbox 283 682 359 741; x_wconf 89' lang='lat' dir='ltr'><strong>ut</strong></span> <span class='ocrx_word' id='word_1_33' title='bbox 396 674 559 739; x_wconf 86' lang='lat' dir='ltr'><strong>dicat</strong></span> <span class='ocrx_word' id='word_1_34' title='bbox 596 680 839 738; x_wconf 86' lang='lat' dir='ltr'><strong>tantum</strong></span> <span class='ocrx_word' id='word_1_35' title='bbox 882 673 1087 750; x_wconf 89' lang='lat' dir='ltr'><strong>abest,</strong></span> <span class='ocrx_word' id='word_1_36' title='bbox 1126 681 1198 739; x_wconf 89' lang='lat' dir='ltr'><strong>ut</strong></span> <span class='ocrx_word' id='word_1_37' title='bbox 1239 673 1389 758; x_wconf 86' lang='lat' dir='ltr'><strong>ipsis</strong></span> <span class='ocrx_word' id='word_1_38' title='bbox 1429 672 1632 739; x_wconf 85' lang='lat' dir='ltr'><strong>verbis</strong></span> <span class='ocrx_word' id='word_1_39' title='bbox 1674 673 1923 737; x_wconf 91' lang='lat' dir='ltr'><strong>demum</strong></span> <span class='ocrx_word' id='word_1_40' title='bbox 1964 693 2178 740; x_wconf 83' lang='lat' dir='ltr'><strong>versus</strong></span> <span class='ocrx_word' id='word_1_41' title='bbox 2217 679 2335 742; x_wconf 84' lang='grc'><strong>741</strong></span> <span class='ocrx_word' id='word_1_42' title='bbox 2377 678 2623 746; x_wconf 87' lang='lat' dir='ltr'><strong>Orestis</strong></span> 
     </span>
     <span class='ocr_line' id='line_1_7' title="bbox 285 768 2624 859; baseline 0.002 -24"><span class='ocrx_word' id='word_1_43' title='bbox 285 791 351 835; x_wconf 91' lang='lat' dir='ltr'><strong>se</strong></span> <span class='ocrx_word' id='word_1_44' title='bbox 392 778 524 835; x_wconf 91' lang='lat' dir='ltr'><strong>tum</strong></span> <span class='ocrx_word' id='word_1_45' title='bbox 565 769 700 834; x_wconf 85' lang='lat' dir='ltr'><strong>fore</strong></span> <span class='ocrx_word' id='word_1_46' title='bbox 745 769 1135 836; x_wconf 80' lang='lat' dir='ltr'><strong>servatricem</strong></span> <span class='ocrx_word' id='word_1_47' title='bbox 1178 770 1548 833; x_wconf 88' lang='lat' dir='ltr'><strong>confiteatur</strong></span> <span class='ocrx_word' id='word_1_48' title='bbox 1598 768 1649 832; x_wconf 93' lang='lat' dir='ltr'><strong>si</strong></span> <span class='ocrx_word' id='word_1_49' title='bbox 1692 768 1850 833; x_wconf 86' lang='lat' dir='ltr'><strong>forte</strong></span> <span class='ocrx_word' id='word_1_50' title='bbox 1901 772 2013 854; x_wconf 86' lang='lat' dir='ltr'><strong>par</strong></span> <span class='ocrx_word' id='word_1_51' title='bbox 2054 769 2111 833; x_wconf 93' lang='lat' dir='ltr'><strong>ei</strong></span> <span class='ocrx_word' id='word_1_52' title='bbox 2154 771 2449 859; x_wconf 90' lang='lat' dir='ltr'><strong>utrinque</strong></span> <span class='ocrx_word' id='word_1_53' title='bbox 2493 776 2624 840; x_wconf 89' lang='lat' dir='ltr'><strong>cal-</strong></span> 
     </span>
     <span class='ocr_line' id='line_1_8' title="bbox 283 863 2623 950; baseline 0.003 -20"><span class='ocrx_word' id='word_1_54' title='bbox 283 865 565 931; x_wconf 88' lang='lat' dir='ltr'><strong>culorum</strong></span> <span class='ocrx_word' id='word_1_55' title='bbox 608 886 905 930; x_wconf 90' lang='lat' dir='ltr'><strong>numerus</strong></span> <span class='ocrx_word' id='word_1_56' title='bbox 948 865 1025 930; x_wconf 91' lang='lat' dir='ltr'><strong>de</strong></span> <span class='ocrx_word' id='word_1_57' title='bbox 1071 863 1266 930; x_wconf 90' lang='lat' dir='ltr'><strong>salute</strong></span> <span class='ocrx_word' id='word_1_58' title='bbox 1309 864 1760 930; x_wconf 80' lang='lat' dir='ltr'><strong>dubitationem</strong></span> <span class='ocrx_word' id='word_1_59' title='bbox 1802 864 2143 950; x_wconf 87' lang='lat' dir='ltr'><strong>injecturus</strong></span> <span class='ocrx_word' id='word_1_60' title='bbox 2170 866 2404 934; x_wconf 85' lang='lat' dir='ltr'><strong>fuisset.</strong></span> <span class='ocrx_word' id='word_1_61' title='bbox 2449 870 2623 936; x_wconf 88' lang='lat' dir='ltr'><strong>Con-</strong></span> 
     </span>
     <span class='ocr_line' id='line_1_9' title="bbox 282 960 2625 1052; baseline 0.004 -27"><span class='ocrx_word' id='word_1_62' title='bbox 282 970 376 1025; x_wconf 88' lang='lat' dir='ltr'><strong>tra</strong></span> <span class='ocrx_word' id='word_1_63' title='bbox 417 981 708 1027; x_wconf 89' lang='lat' dir='ltr'><strong>versuum</strong></span> <span class='ocrx_word' id='word_1_64' title='bbox 749 965 868 1026; x_wconf 85' lang='lat'>7:35</span> <span class='ocrx_word' id='word_1_65' title='bbox 911 968 975 1025; x_wconf 91' lang='lat' dir='ltr'><strong>et</strong></span> <span class='ocrx_word' id='word_1_66' title='bbox 1014 964 1129 1026; x_wconf 87' lang='grc'><strong>741</strong></span> <span class='ocrx_word' id='word_1_67' title='bbox 1172 982 1247 1026; x_wconf 88' lang='lat' dir='ltr'><strong>ea</strong></span> <span class='ocrx_word' id='word_1_68' title='bbox 1298 960 1452 1026; x_wconf 87' lang='lat' dir='ltr'><strong>mihi</strong></span> <span class='ocrx_word' id='word_1_69' title='bbox 1488 960 1735 1028; x_wconf 78' lang='lat' dir='ltr'><strong>videtur</strong></span> <span class='ocrx_word' id='word_1_70' title='bbox 1783 980 1921 1025; x_wconf 91' lang='lat' dir='ltr'><strong>esse</strong></span> <span class='ocrx_word' id='word_1_71' title='bbox 1965 961 2267 1041; x_wconf 89' lang='lat' dir='ltr'><strong>conditio,</strong></span> <span class='ocrx_word' id='word_1_72' title='bbox 2316 974 2388 1030; x_wconf 89' lang='lat' dir='ltr'><strong>ut</strong></span> <span class='ocrx_word' id='word_1_73' title='bbox 2437 988 2625 1052; x_wconf 80' lang='lat' dir='ltr'><strong>egre—</strong></span> 
     </span>
     <span class='ocr_line' id='line_1_10' title="bbox 282 1055 2622 1148; baseline 0.003 -28"><span class='ocrx_word' id='word_1_74' title='bbox 282 1056 451 1141; x_wconf 83' lang='lat' dir='ltr'><strong>gium</strong></span> <span class='ocrx_word' id='word_1_75' title='bbox 502 1055 646 1120; x_wconf 87' lang='lat' dir='ltr'><strong>inde</strong></span> <span class='ocrx_word' id='word_1_76' title='bbox 709 1076 824 1137; x_wconf 90' lang='lat' dir='ltr'><strong>pro</strong></span> <span class='ocrx_word' id='word_1_77' title='bbox 873 1057 1236 1123; x_wconf 88' lang='lat' dir='ltr'><strong>Muelleri</strong></span> <span class='ocrx_word' id='word_1_78' title='bbox 1291 1056 1597 1123; x_wconf 85' lang='lat' dir='ltr'><strong>sententia</strong></span> <span class='ocrx_word' id='word_1_79' title='bbox 1646 1056 2067 1122; x_wconf 88' lang='lat' dir='ltr'><strong>testimonium</strong></span> <span class='ocrx_word' id='word_1_80' title='bbox 2129 1060 2330 1144; x_wconf 89' lang='lat' dir='ltr'><strong>possis</strong></span> <span class='ocrx_word' id='word_1_81' title='bbox 2387 1071 2622 1148; x_wconf 87' lang='lat' dir='ltr'><strong>petere.</strong></span> 
     </span>
     <span class='ocr_line' id='line_1_11' title="bbox 281 1151 2623 1243; baseline 0.005 -28"><span class='ocrx_word' id='word_1_82' title='bbox 281 1153 505 1216; x_wconf 87' lang='lat' dir='ltr'><strong>Fatear</strong></span> <span class='ocrx_word' id='word_1_83' title='bbox 545 1152 709 1217; x_wconf 90' lang='lat' dir='ltr'><strong>enim</strong></span> <span class='ocrx_word' id='word_1_84' title='bbox 740 1151 942 1237; x_wconf 82' lang='lat' dir='ltr'><strong>magni</strong></span> <span class='ocrx_word' id='word_1_85' title='bbox 984 1153 1077 1219; x_wconf 87' lang='lat' dir='ltr'><strong>vel</strong></span> <span class='ocrx_word' id='word_1_86' title='bbox 1122 1153 1183 1218; x_wconf 92' lang='lat' dir='ltr'><strong>id</strong></span> <span class='ocrx_word' id='word_1_87' title='bbox 1225 1174 1366 1219; x_wconf 90' lang='lat' dir='ltr'><strong>esse</strong></span> <span class='ocrx_word' id='word_1_88' title='bbox 1407 1153 1727 1230; x_wconf 82' lang='lat' dir='ltr'><strong>momenti,</strong></span> <span class='ocrx_word' id='word_1_89' title='bbox 1772 1153 1939 1238; x_wconf 90' lang='lat' dir='ltr'><strong>quod</strong></span> <span class='ocrx_word' id='word_1_90' title='bbox 1983 1152 2288 1220; x_wconf 82' lang='lat' dir='ltr'><strong>calculum</strong></span> <span class='ocrx_word' id='word_1_91' title='bbox 2325 1158 2459 1243; x_wconf 87' lang='lat' dir='ltr'><strong>ipsa</strong></span> <span class='ocrx_word' id='word_1_92' title='bbox 2493 1161 2623 1226; x_wconf 88' lang='lat' dir='ltr'><strong>Mi-</strong></span> 
     </span>
     <span class='ocr_line' id='line_1_12' title="bbox 278 1247 2625 1334; baseline 0.004 -22"><span class='ocrx_word' id='word_1_93' title='bbox 278 1269 462 1315; x_wconf 87' lang='lat' dir='ltr'><strong>nervs</strong></span> <span class='ocrx_word' id='word_1_94' title='bbox 493 1269 617 1334; x_wconf 79' lang='lat' dir='ltr'><strong>‚pro</strong></span> <span class='ocrx_word' id='word_1_95' title='bbox 659 1247 889 1314; x_wconf 85' lang='lat' dir='ltr'><strong>Oreste</strong></span> <span class='ocrx_word' id='word_1_96' title='bbox 928 1247 994 1312; x_wconf 91' lang='lat' dir='ltr'><strong>in</strong></span> <span class='ocrx_word' id='word_1_97' title='bbox 1033 1268 1254 1314; x_wconf 89' lang='lat' dir='ltr'><strong>urnam</strong></span> <span class='ocrx_word' id='word_1_98' title='bbox 1297 1247 1556 1334; x_wconf 80' lang='lat' dir='ltr'><strong>injiciat,</strong></span> <span class='ocrx_word' id='word_1_99' title='bbox 1598 1250 1711 1314; x_wconf 83' lang='lat' dir='ltr'><strong>sed</strong></span> <span class='ocrx_word' id='word_1_100' title='bbox 1753 1249 1915 1314; x_wconf 90' lang='lat' dir='ltr'><strong>baud</strong></span> <span class='ocrx_word' id='word_1_101' title='bbox 1958 1249 2217 1316; x_wconf 90' lang='lat' dir='ltr'><strong>minoris</strong></span> <span class='ocrx_word' id='word_1_102' title='bbox 2259 1253 2521 1321; x_wconf 87' lang='lat' dir='ltr'><strong>alterum</strong></span> <span class='ocrx_word' id='word_1_103' title='bbox 2545 1258 2625 1322; x_wconf 57' lang='lat' dir='ltr'><strong>,d</strong></span> 
     </span>
     <span class='ocr_line' id='line_1_13' title="bbox 283 1343 2627 1438; baseline 0.004 -30"><span class='ocrx_word' id='word_1_104' title='bbox 283 1364 423 1409; x_wconf 90' lang='lat' dir='ltr'><strong>esse</strong></span> <span class='ocrx_word' id='word_1_105' title='bbox 476 1344 575 1430; x_wconf 86' lang='lat' dir='ltr'><strong>ajo</strong></span> <span class='ocrx_word' id='word_1_106' title='bbox 617 1343 788 1430; x_wconf 90' lang='lat' dir='ltr'><strong>quod</strong></span> <span class='ocrx_word' id='word_1_107' title='bbox 829 1344 1124 1411; x_wconf 84' lang='lat' dir='ltr'><strong>victorem</strong></span> <span class='ocrx_word' id='word_1_108' title='bbox 1168 1343 1341 1408; x_wconf 89' lang='lat' dir='ltr'><strong>illum</strong></span> <span class='ocrx_word' id='word_1_109' title='bbox 1383 1343 1625 1408; x_wconf 88' lang='lat' dir='ltr'><strong>etiamsi</strong></span> <span class='ocrx_word' id='word_1_110' title='bbox 1675 1344 1838 1410; x_wconf 90' lang='lat' dir='ltr'><strong>iusta</strong></span> <span class='ocrx_word' id='word_1_111' title='bbox 1880 1345 2256 1412; x_wconf 89' lang='lat' dir='ltr'><strong>calculorum</strong></span> <span class='ocrx_word' id='word_1_112' title='bbox 2299 1361 2627 1438; x_wconf 87' lang='lat' dir='ltr'><strong>computa-</strong></span> 
     </span>
     <span class='ocr_line' id='line_1_14' title="bbox 279 1439 2625 1526; baseline 0.004 -21"><span class='ocrx_word' id='word_1_113' title='bbox 279 1439 450 1505; x_wconf 89' lang='lat' dir='ltr'><strong>tione</strong></span> <span class='ocrx_word' id='word_1_114' title='bbox 494 1460 610 1504; x_wconf 91' lang='lat' dir='ltr'><strong>nec</strong></span> <span class='ocrx_word' id='word_1_115' title='bbox 640 1439 1146 1506; x_wconf 88' lang='lat' dir='ltr'><strong>condemnandus</strong></span> <span class='ocrx_word' id='word_1_116' title='bbox 1188 1460 1393 1526; x_wconf 90' lang='lat' dir='ltr'><strong>neque</strong></span> <span class='ocrx_word' id='word_1_117' title='bbox 1422 1440 1832 1507; x_wconf 86' lang='lat' dir='ltr'><strong>absolvendus</strong></span> <span class='ocrx_word' id='word_1_118' title='bbox 1874 1441 1954 1506; x_wconf 87' lang='lat' dir='ltr'><strong>sit</strong></span> <span class='ocrx_word' id='word_1_119' title='bbox 1991 1441 2259 1520; x_wconf 80' lang='lat' dir='ltr'><strong>suturuS‚</strong></span> <span class='ocrx_word' id='word_1_120' title='bbox 2299 1466 2625 1514; x_wconf 85' lang='lat' dir='ltr'><strong>evasurum</strong></span> 
     </span>
     <span class='ocr_line' id='line_1_15' title="bbox 280 1535 2626 1622; baseline 0.003 -22"><span class='ocrx_word' id='word_1_121' title='bbox 280 1535 669 1622; x_wconf 87' lang='lat' dir='ltr'><strong>pronunciet.</strong></span> <span class='ocrx_word' id='word_1_122' title='bbox 740 1535 1056 1622; x_wconf 61' lang='lat' dir='ltr'><strong>Sed,&gt;quo</strong></span> <span class='ocrx_word' id='word_1_123' title='bbox 1087 1556 1327 1602; x_wconf 90' lang='lat' dir='ltr'><strong>summa</strong></span> <span class='ocrx_word' id='word_1_124' title='bbox 1369 1558 1473 1602; x_wconf 89' lang='lat' dir='ltr'><strong>res</strong></span> <span class='ocrx_word' id='word_1_125' title='bbox 1502 1536 1681 1614; x_wconf 90' lang='lat' dir='ltr'><strong>redit,</strong></span> <span class='ocrx_word' id='word_1_126' title='bbox 1725 1544 1991 1618; x_wconf 88' lang='lat' dir='ltr'><strong>putasne</strong></span> <span class='ocrx_word' id='word_1_127' title='bbox 2035 1538 2194 1602; x_wconf 92' lang='lat' dir='ltr'><strong>bene</strong></span> <span class='ocrx_word' id='word_1_128' title='bbox 2236 1539 2296 1603; x_wconf 91' lang='lat' dir='ltr'><strong>id</strong></span> <span class='ocrx_word' id='word_1_129' title='bbox 2340 1540 2427 1606; x_wconf 88' lang='lat' dir='ltr'><strong>ita</strong></span> <span class='ocrx_word' id='word_1_130' title='bbox 2470 1544 2626 1608; x_wconf 90' lang='lat' dir='ltr'><strong>sim-</strong></span> 
     </span>
     <span class='ocr_line' id='line_1_16' title="bbox 277 1630 2625 1716; baseline 0.003 -21"><span class='ocrx_word' id='word_1_131' title='bbox 277 1631 524 1713; x_wconf 90' lang='lat' dir='ltr'><strong>pliciter</strong></span> <span class='ocrx_word' id='word_1_132' title='bbox 563 1630 711 1716; x_wconf 92' lang='lat' dir='ltr'><strong>poni</strong></span> <span class='ocrx_word' id='word_1_133' title='bbox 754 1632 1068 1716; x_wconf 89' lang='lat' dir='ltr'><strong>potuisse,</strong></span> <span class='ocrx_word' id='word_1_134' title='bbox 1108 1653 1238 1698; x_wconf 88' lang='lat' dir='ltr'><strong>uno</strong></span> <span class='ocrx_word' id='word_1_135' title='bbox 1279 1654 1489 1709; x_wconf 84' lang='lat' dir='ltr'><strong>versu,</strong></span> <span class='ocrx_word' id='word_1_136' title='bbox 1542 1654 1684 1698; x_wconf 91' lang='lat' dir='ltr'><strong>cum</strong></span> <span class='ocrx_word' id='word_1_137' title='bbox 1737 1632 1906 1698; x_wconf 90' lang='lat' dir='ltr'><strong>nulla</strong></span> <span class='ocrx_word' id='word_1_138' title='bbox 1947 1631 2257 1697; x_wconf 87' lang='lat' dir='ltr'><strong>rationum</strong></span> <span class='ocrx_word' id='word_1_139' title='bbox 2299 1658 2625 1703; x_wconf 89' lang='lat' dir='ltr'><strong>commen—</strong></span> 
     </span>
     <span class='ocr_line' id='line_1_17' title="bbox 281 1727 2625 1815; baseline 0.003 -22"><span class='ocrx_word' id='word_1_140' title='bbox 281 1727 562 1805; x_wconf 83' lang='lat' dir='ltr'><strong>datione,</strong></span> <span class='ocrx_word' id='word_1_141' title='bbox 613 1727 784 1791; x_wconf 91' lang='lat' dir='ltr'><strong>nullo</strong></span> <span class='ocrx_word' id='word_1_142' title='bbox 833 1728 1164 1793; x_wconf 91' lang='lat' dir='ltr'><strong>verborum</strong></span> <span class='ocrx_word' id='word_1_143' title='bbox 1218 1731 1480 1792; x_wconf 81' lang='lat' dir='ltr'><strong>ornatu?</strong></span> <span class='ocrx_word' id='word_1_144' title='bbox 1562 1729 1774 1805; x_wconf 83' lang='lat' dir='ltr'><strong>Quare</strong></span> <span class='ocrx_word' id='word_1_145' title='bbox 1830 1728 2077 1807; x_wconf 84' lang='lat' dir='ltr'><strong>difficile</strong></span> <span class='ocrx_word' id='word_1_146' title='bbox 2130 1729 2271 1815; x_wconf 92' lang='lat' dir='ltr'><strong>quis</strong></span> <span class='ocrx_word' id='word_1_147' title='bbox 2315 1732 2430 1797; x_wconf 90' lang='lat' dir='ltr'><strong>sibi</strong></span> <span class='ocrx_word' id='word_1_148' title='bbox 2474 1754 2625 1815; x_wconf 89' lang='lat' dir='ltr'><strong>per—</strong></span> 
     </span>
     <span class='ocr_line' id='line_1_18' title="bbox 284 1822 2164 1900; baseline -0.001 -11"><span class='ocrx_word' id='word_1_149' title='bbox 284 1822 569 1900; x_wconf 86' lang='lat' dir='ltr'><strong>suaserit,</strong></span> <span class='ocrx_word' id='word_1_150' title='bbox 612 1843 738 1888; x_wconf 90' lang='lat' dir='ltr'><strong>non</strong></span> <span class='ocrx_word' id='word_1_151' title='bbox 781 1824 1050 1888; x_wconf 89' lang='lat' dir='ltr'><strong>eundem</strong></span> <span class='ocrx_word' id='word_1_152' title='bbox 1093 1845 1232 1889; x_wconf 92' lang='lat' dir='ltr'><strong>esse</strong></span> <span class='ocrx_word' id='word_1_153' title='bbox 1276 1843 1529 1888; x_wconf 89' lang='lat' dir='ltr'><strong>sensum</strong></span> <span class='ocrx_word' id='word_1_154' title='bbox 1570 1844 1724 1890; x_wconf 85' lang='lat' dir='ltr'><strong>vers.</strong></span> <span class='ocrx_word' id='word_1_155' title='bbox 1765 1828 1885 1889; x_wconf 83' lang='lat'><strong><em>‘735</em></strong></span> <span class='ocrx_word' id='word_1_156' title='bbox 1926 1831 1989 1888; x_wconf 86' lang='lat' dir='ltr'><strong>et</strong></span> <span class='ocrx_word' id='word_1_157' title='bbox 2026 1828 2164 1890; x_wconf 81' lang='lat'><strong>741.</strong></span> 
     </span>
    </p>

    <p class='ocr_par' dir='ltr' id='par_1_4' title="bbox 281 1918 2629 2776">
     <span class='ocr_line' id='line_1_19' title="bbox 441 1918 2625 1994; baseline 0.004 -10"><span class='ocrx_word' id='word_1_158' title='bbox 441 1921 659 1984; x_wconf 72' lang='lat' dir='ltr'><strong>Porro</strong></span> <span class='ocrx_word' id='word_1_159' title='bbox 691 1940 905 1986; x_wconf 88' lang='lat' dir='ltr'><strong>versus</strong></span> <span class='ocrx_word' id='word_1_160' title='bbox 956 1924 1093 1986; x_wconf 70' lang='lat'><strong>759.</strong></span> <span class='ocrx_word' id='word_1_161' title='bbox 1142 1922 1279 1986; x_wconf 89' lang='grc'><strong>753.</strong></span> <span class='ocrx_word' id='word_1_162' title='bbox 1343 1941 1379 1984; x_wconf 91' lang='lat' dir='ltr'><strong>a</strong></span> <span class='ocrx_word' id='word_1_163' title='bbox 1427 1921 1477 1983; x_wconf 91' lang='lat' dir='ltr'><strong>F</strong></span> <span class='ocrx_word' id='word_1_164' title='bbox 1487 1918 1841 1985; x_wconf 91' lang='lat' dir='ltr'><strong>ritzschio</strong></span> <span class='ocrx_word' id='word_1_165' title='bbox 1892 1919 2121 1984; x_wconf 85' lang='lat' dir='ltr'><strong>auxilio</strong></span> <span class='ocrx_word' id='word_1_166' title='bbox 2161 1933 2475 1990; x_wconf 83' lang='lat' dir='ltr'><strong>vocantur.</strong></span> <span class='ocrx_word' id='word_1_167' title='bbox 2559 1927 2625 1994; x_wconf 88' lang='lat' dir='ltr'><strong>Si</strong></span> 
     </span>
     <span class='ocr_line' id='line_1_20' title="bbox 282 2008 2629 2107; baseline 0.003 -26"><span class='ocrx_word' id='word_1_168' title='bbox 282 2022 554 2101; x_wconf 86' lang='lat' dir='ltr'><strong>septem,</strong></span> <span class='ocrx_word' id='word_1_169' title='bbox 607 2015 841 2100; x_wconf 85' lang='lat' dir='ltr'><strong>inquit,</strong></span> <span class='ocrx_word' id='word_1_170' title='bbox 887 2015 1208 2082; x_wconf 85' lang='lat' dir='ltr'><strong>habuisset</strong></span> <span class='ocrx_word' id='word_1_171' title='bbox 1255 2008 1520 2081; x_wconf 86' lang='lat' dir='ltr'><strong>Orestes</strong></span> <span class='ocrx_word' id='word_1_172' title='bbox 1573 2015 1841 2081; x_wconf 90' lang='lat' dir='ltr'><strong>calculos</strong></span> <span class='ocrx_word' id='word_1_173' title='bbox 1893 2016 2130 2095; x_wconf 79' lang='lat' dir='ltr'><strong>feliceS,</strong></span> <span class='ocrx_word' id='word_1_174' title='bbox 2192 2039 2318 2082; x_wconf 91' lang='lat' dir='ltr'><strong>non</strong></span> <span class='ocrx_word' id='word_1_175' title='bbox 2371 2030 2629 2107; x_wconf 88' lang='lat' dir='ltr'><strong>propter</strong></span> 
     </span>
     <span class='ocr_line' id='line_1_21' title="bbox 281 2111 2625 2198; baseline 0.003 -21"><span class='ocrx_word' id='word_1_176' title='bbox 281 2132 497 2198; x_wconf 87' lang='lat' dir='ltr'><strong>parem</strong></span> <span class='ocrx_word' id='word_1_177' title='bbox 542 2111 920 2176; x_wconf 87' lang='lat' dir='ltr'><strong>calculorum</strong></span> <span class='ocrx_word' id='word_1_178' title='bbox 970 2132 1299 2178; x_wconf 90' lang='lat' dir='ltr'><strong>numerum</strong></span> <span class='ocrx_word' id='word_1_179' title='bbox 1363 2111 1481 2177; x_wconf 86' lang='lat' dir='ltr'><strong>sed</strong></span> <span class='ocrx_word' id='word_1_180' title='bbox 1522 2119 1783 2197; x_wconf 88' lang='lat' dir='ltr'><strong>propter</strong></span> <span class='ocrx_word' id='word_1_181' title='bbox 1832 2113 2169 2196; x_wconf 88' lang='lat' dir='ltr'><strong>septimum</strong></span> <span class='ocrx_word' id='word_1_182' title='bbox 2218 2113 2390 2180; x_wconf 88' lang='lat' dir='ltr'><strong>illum</strong></span> <span class='ocrx_word' id='word_1_183' title='bbox 2452 2118 2625 2184; x_wconf 92' lang='lat' dir='ltr'><strong>alteri</strong></span> 
     </span>
     <span class='ocr_line' id='line_1_22' title="bbox 281 2207 2627 2295; baseline 0.003 -23"><span class='ocrx_word' id='word_1_184' title='bbox 281 2208 442 2294; x_wconf 87' lang='lat' dir='ltr'><strong>parti</strong></span> <span class='ocrx_word' id='word_1_185' title='bbox 485 2229 521 2272; x_wconf 91' lang='lat' dir='ltr'><strong>a</strong></span> <span class='ocrx_word' id='word_1_186' title='bbox 561 2207 839 2274; x_wconf 85' lang='lat' dir='ltr'><strong>Minerva</strong></span> <span class='ocrx_word' id='word_1_187' title='bbox 880 2208 1187 2295; x_wconf 87' lang='lat' dir='ltr'><strong>adjectum</strong></span> <span class='ocrx_word' id='word_1_188' title='bbox 1228 2209 1423 2275; x_wconf 89' lang='lat' dir='ltr'><strong>victor</strong></span> <span class='ocrx_word' id='word_1_189' title='bbox 1462 2209 1937 2295; x_wconf 86' lang='lat' dir='ltr'><strong>proclamandus</strong></span> <span class='ocrx_word' id='word_1_190' title='bbox 1978 2209 2109 2275; x_wconf 87' lang='lat' dir='ltr'><strong>fuit.</strong></span> <span class='ocrx_word' id='word_1_191' title='bbox 2192 2213 2358 2278; x_wconf 89' lang='lat' dir='ltr'><strong>Luce</strong></span> <span class='ocrx_word' id='word_1_192' title='bbox 2402 2214 2627 2280; x_wconf 89' lang='lat' dir='ltr'><strong>clarius</strong></span> 
     </span>
     <span class='ocr_line' id='line_1_23' title="bbox 282 2304 2627 2392; baseline 0.003 -23"><span class='ocrx_word' id='word_1_193' title='bbox 282 2312 400 2380; x_wconf 79' lang='lat' dir='ltr'><strong>est,</strong></span> <span class='ocrx_word' id='word_1_194' title='bbox 441 2304 712 2368; x_wconf 85' lang='lat' dir='ltr'><strong>refutare</strong></span> <span class='ocrx_word' id='word_1_195' title='bbox 755 2304 952 2371; x_wconf 89' lang='lat' dir='ltr'><strong>virum</strong></span> <span class='ocrx_word' id='word_1_196' title='bbox 994 2304 1250 2369; x_wconf 87' lang='lat' dir='ltr'><strong>doctum</strong></span> <span class='ocrx_word' id='word_1_197' title='bbox 1293 2325 1430 2369; x_wconf 91' lang='lat' dir='ltr'><strong>eam</strong></span> <span class='ocrx_word' id='word_1_198' title='bbox 1473 2305 1841 2370; x_wconf 88' lang='lat' dir='ltr'><strong>sententiam</strong></span> <span class='ocrx_word' id='word_1_199' title='bbox 1892 2310 2256 2392; x_wconf 80' lang='lat' dir='ltr'><strong>quam&#39;non</strong></span> <span class='ocrx_word' id='word_1_200' title='bbox 2306 2309 2627 2376; x_wconf 58' lang='lat' dir='ltr'><strong>intellexit,</strong></span> 
     </span>
     <span class='ocr_line' id='line_1_24' title="bbox 281 2399 2627 2473; baseline 0.003 -7"><span class='ocrx_word' id='word_1_201' title='bbox 281 2399 605 2466; x_wconf 85' lang='lat' dir='ltr'><strong>Minervae</strong></span> <span class='ocrx_word' id='word_1_202' title='bbox 648 2399 815 2465; x_wconf 88' lang='lat' dir='ltr'><strong>enim</strong></span> <span class='ocrx_word' id='word_1_203' title='bbox 856 2399 958 2466; x_wconf 91' lang='lat' dir='ltr'><strong>ille</strong></span> <span class='ocrx_word' id='word_1_204' title='bbox 1001 2400 1272 2467; x_wconf 89' lang='lat' dir='ltr'><strong>calculus</strong></span> <span class='ocrx_word' id='word_1_205' title='bbox 1327 2422 1405 2466; x_wconf 81' lang='lat' dir='ltr'><strong>ex</strong></span> <span class='ocrx_word' id='word_1_206' title='bbox 1443 2400 1798 2468; x_wconf 90' lang='lat' dir='ltr'><strong>Muelleri</strong></span> <span class='ocrx_word' id='word_1_207' title='bbox 1849 2402 2153 2468; x_wconf 85' lang='lat' dir='ltr'><strong>sententia</strong></span> <span class='ocrx_word' id='word_1_208' title='bbox 2202 2405 2457 2471; x_wconf 91' lang='lat' dir='ltr'><strong>omnino</strong></span> <span class='ocrx_word' id='word_1_209' title='bbox 2500 2428 2627 2473; x_wconf 90' lang='lat' dir='ltr'><strong>non</strong></span> 
     </span>
     <span class='ocr_line' id='line_1_25' title="bbox 283 2496 2629 2584; baseline 0.003 -22"><span class='ocrx_word' id='word_1_210' title='bbox 283 2504 382 2562; x_wconf 92' lang='lat' dir='ltr'><strong>est</strong></span> <span class='ocrx_word' id='word_1_211' title='bbox 435 2496 657 2562; x_wconf 90' lang='lat' dir='ltr'><strong>eodem</strong></span> <span class='ocrx_word' id='word_1_212' title='bbox 706 2496 849 2562; x_wconf 89' lang='lat' dir='ltr'><strong>loco</strong></span> <span class='ocrx_word' id='word_1_213' title='bbox 894 2497 1218 2562; x_wconf 87' lang='lat' dir='ltr'><strong>habendus</strong></span> <span class='ocrx_word' id='word_1_214' title='bbox 1281 2517 1405 2583; x_wconf 93' lang='lat' dir='ltr'><strong>quo</strong></span> <span class='ocrx_word' id='word_1_215' title='bbox 1455 2498 1974 2584; x_wconf 85' lang='lat' dir='ltr'><strong>Areopagitarum</strong></span> <span class='ocrx_word' id='word_1_216' title='bbox 2037 2499 2272 2565; x_wconf 90' lang='lat' dir='ltr'><strong>calculi.</strong></span> <span class='ocrx_word' id='word_1_217' title='bbox 2364 2503 2629 2568; x_wconf 87' lang='lat' dir='ltr'><strong>Potuit</strong></span> 
     </span>
     <span class='ocr_line' id='line_1_26' title="bbox 283 2593 2627 2680; baseline 0.003 -22"><span class='ocrx_word' id='word_1_218' title='bbox 283 2594 496 2680; x_wconf 89' lang='lat' dir='ltr'><strong>itaque</strong></span> <span class='ocrx_word' id='word_1_219' title='bbox 550 2593 643 2658; x_wconf 87' lang='lat' dir='ltr'><strong>sic</strong></span> <span class='ocrx_word' id='word_1_220' title='bbox 681 2615 935 2680; x_wconf 88' lang='lat' dir='ltr'><strong>quoque</strong></span> <span class='ocrx_word' id='word_1_221' title='bbox 979 2593 1312 2679; x_wconf 89' lang='lat' dir='ltr'><strong>septimum</strong></span> <span class='ocrx_word' id='word_1_222' title='bbox 1364 2593 1536 2661; x_wconf 92' lang='lat' dir='ltr'><strong>illum</strong></span> <span class='ocrx_word' id='word_1_223' title='bbox 1582 2594 1886 2661; x_wconf 87' lang='lat' dir='ltr'><strong>calculum</strong></span> <span class='ocrx_word' id='word_1_224' title='bbox 1930 2594 2143 2661; x_wconf 90' lang='lat' dir='ltr'><strong>salutis</strong></span> <span class='ocrx_word' id='word_1_225' title='bbox 2186 2596 2430 2663; x_wconf 88' lang='lat' dir='ltr'><strong>Orestis</strong></span> <span class='ocrx_word' id='word_1_226' title='bbox 2473 2620 2627 2665; x_wconf 89' lang='lat' dir='ltr'><strong>cau-</strong></span> 
     </span>
     <span class='ocr_line' id='line_1_27' title="bbox 285 2689 1921 2776; baseline 0 -21"><span class='ocrx_word' id='word_1_227' title='bbox 285 2710 416 2755; x_wconf 86' lang='lat' dir='ltr'><strong>sam</strong></span> <span class='ocrx_word' id='word_1_228' title='bbox 457 2689 812 2776; x_wconf 88' lang='lat' dir='ltr'><strong>praedicare</strong></span> <span class='ocrx_word' id='word_1_229' title='bbox 851 2690 1150 2769; x_wconf 89' lang='lat' dir='ltr'><strong>Minerva,</strong></span> <span class='ocrx_word' id='word_1_230' title='bbox 1194 2690 1303 2756; x_wconf 90' lang='lat' dir='ltr'><strong>sed</strong></span> <span class='ocrx_word' id='word_1_231' title='bbox 1345 2690 1600 2756; x_wconf 90' lang='lat' dir='ltr'><strong>minime</strong></span> <span class='ocrx_word' id='word_1_232' title='bbox 1644 2690 1921 2755; x_wconf 86' lang='lat' dir='ltr'><strong>debuit.</strong></span> 
     </span>
    </p>

    <p class='ocr_par' dir='ltr' id='par_1_5' title="bbox 283 2782 2629 3544">
     <span class='ocr_line' id='line_1_28' title="bbox 442 2782 2627 2871; baseline 0.003 -21"><span class='ocrx_word' id='word_1_233' title='bbox 442 2786 677 2850; x_wconf 90' lang='lat' dir='ltr'><strong>Eadem</strong></span> <span class='ocrx_word' id='word_1_234' title='bbox 722 2784 959 2849; x_wconf 91' lang='lat' dir='ltr'><strong>incuria</strong></span> <span class='ocrx_word' id='word_1_235' title='bbox 999 2806 1188 2871; x_wconf 91' lang='lat' dir='ltr'><strong>porro</strong></span> <span class='ocrx_word' id='word_1_236' title='bbox 1227 2784 1454 2868; x_wconf 71' lang='grc' dir='ltr'><em>κωφὸν</em></span> <span class='ocrx_word' id='word_1_237' title='bbox 1496 2782 1839 2869; x_wconf 71' lang='grc' dir='ltr'>πρόσωπον</span> <span class='ocrx_word' id='word_1_238' title='bbox 1903 2787 2002 2860; x_wconf 61' lang='lat' dir='ltr'><strong>ait⁷</strong></span> <span class='ocrx_word' id='word_1_239' title='bbox 2040 2789 2214 2854; x_wconf 91' lang='lat' dir='ltr'><strong>reddi</strong></span> <span class='ocrx_word' id='word_1_240' title='bbox 2264 2791 2627 2871; x_wconf 88' lang='lat' dir='ltr'><strong>Minervam,</strong></span> 
     </span>
     <span class='ocr_line' id='line_1_29' title="bbox 285 2879 2627 2967; baseline 0.003 -21"><span class='ocrx_word' id='word_1_241' title='bbox 285 2881 339 2946; x_wconf 90' lang='lat' dir='ltr'><strong>si</strong></span> <span class='ocrx_word' id='word_1_242' title='bbox 388 2879 740 2947; x_wconf 88' lang='lat' dir='ltr'><strong>Muelleri</strong></span> <span class='ocrx_word' id='word_1_243' title='bbox 789 2882 1159 2948; x_wconf 88' lang='lat' dir='ltr'><strong>sententiam</strong></span> <span class='ocrx_word' id='word_1_244' title='bbox 1212 2881 1512 2967; x_wconf 78' lang='lat' dir='ltr'><strong>sequaris,</strong></span> <span class='ocrx_word' id='word_1_245' title='bbox 1552 2917 1633 2927; x_wconf 87' lang='lat'><strong>--</strong></span> <span class='ocrx_word' id='word_1_246' title='bbox 1680 2882 1755 2945; x_wconf 94' lang='lat' dir='ltr'><strong>In</strong></span> <span class='ocrx_word' id='word_1_247' title='bbox 1808 2881 2043 2948; x_wconf 88' lang='lat' dir='ltr'><strong>calculo</strong></span> <span class='ocrx_word' id='word_1_248' title='bbox 2105 2885 2268 2950; x_wconf 92' lang='lat' dir='ltr'><strong>enim</strong></span> <span class='ocrx_word' id='word_1_249' title='bbox 2330 2887 2515 2967; x_wconf 88' lang='lat' dir='ltr'><strong>deae,</strong></span> <span class='ocrx_word' id='word_1_250' title='bbox 2576 2887 2627 2954; x_wconf 89' lang='lat' dir='ltr'><strong>si</strong></span> 
     </span>
     <span class='ocr_line' id='line_1_30' title="bbox 287 2976 2626 3069; baseline 0.003 -26"><span class='ocrx_word' id='word_1_251' title='bbox 287 2998 479 3043; x_wconf 89' lang='lat' dir='ltr'><strong>sensu</strong></span> <span class='ocrx_word' id='word_1_252' title='bbox 516 2976 865 3042; x_wconf 88' lang='lat' dir='ltr'><strong>Muelleri</strong></span> <span class='ocrx_word' id='word_1_253' title='bbox 908 2978 961 3043; x_wconf 88' lang='lat' dir='ltr'><strong>is</strong></span> <span class='ocrx_word' id='word_1_254' title='bbox 1004 2978 1359 3066; x_wconf 83' lang='lat' dir='ltr'><strong>accipiatur,</strong></span> <span class='ocrx_word' id='word_1_255' title='bbox 1404 2999 1530 3065; x_wconf 93' lang='lat' dir='ltr'><strong>quo</strong></span> <span class='ocrx_word' id='word_1_256' title='bbox 1573 2978 1708 3043; x_wconf 89' lang='lat' dir='ltr'><strong>iure</strong></span> <span class='ocrx_word' id='word_1_257' title='bbox 1749 2977 2220 3046; x_wconf 89' lang='lat' dir='ltr'><strong>Fritzschius</strong></span> <span class='ocrx_word' id='word_1_258' title='bbox 2272 2993 2454 3069; x_wconf 84' lang='lat' dir='ltr'><strong>neget</strong></span> <span class='ocrx_word' id='word_1_259' title='bbox 2493 3006 2626 3050; x_wconf 91' lang='lat' dir='ltr'><strong>rem</strong></span> 
     </span>
     <span class='ocr_line' id='line_1_31' title="bbox 288 3074 2628 3161; baseline 0.003 -23"><span class='ocrx_word' id='word_1_260' title='bbox 288 3092 595 3138; x_wconf 89' lang='lat' dir='ltr'><strong>summam</strong></span> <span class='ocrx_word' id='word_1_261' title='bbox 637 3093 774 3137; x_wconf 91' lang='lat' dir='ltr'><strong>esse</strong></span> <span class='ocrx_word' id='word_1_262' title='bbox 815 3074 1102 3159; x_wconf 89' lang='lat' dir='ltr'><strong>positam,</strong></span> <span class='ocrx_word' id='word_1_263' title='bbox 1146 3075 1436 3161; x_wconf 88' lang='lat' dir='ltr'><strong>equidem</strong></span> <span class='ocrx_word' id='word_1_264' title='bbox 1478 3097 1605 3141; x_wconf 90' lang='lat' dir='ltr'><strong>non</strong></span> <span class='ocrx_word' id='word_1_265' title='bbox 1647 3075 1846 3142; x_wconf 78' lang='lat' dir='ltr'><strong>video,</strong></span> <span class='ocrx_word' id='word_1_266' title='bbox 1930 3075 2164 3141; x_wconf 85' lang='lat' dir='ltr'><strong>Vitium</strong></span> <span class='ocrx_word' id='word_1_267' title='bbox 2207 3085 2387 3143; x_wconf 88' lang='lat' dir='ltr'><strong>antea</strong></span> <span class='ocrx_word' id='word_1_268' title='bbox 2429 3102 2465 3144; x_wconf 90' lang='lat' dir='ltr'><strong>a</strong></span> <span class='ocrx_word' id='word_1_269' title='bbox 2506 3103 2628 3146; x_wconf 93' lang='lat' dir='ltr'><strong>no-</strong></span> 
     </span>
     <span class='ocr_line' id='line_1_32' title="bbox 284 3168 2629 3261; baseline 0.003 -27"><span class='ocrx_word' id='word_1_270' title='bbox 284 3169 382 3234; x_wconf 91' lang='lat' dir='ltr'><strong>bis</strong></span> <span class='ocrx_word' id='word_1_271' title='bbox 435 3168 777 3246; x_wconf 90' lang='lat' dir='ltr'><strong>detectum,</strong></span> <span class='ocrx_word' id='word_1_272' title='bbox 837 3168 1067 3236; x_wconf 88' lang='lat' dir='ltr'><strong>iterum</strong></span> <span class='ocrx_word' id='word_1_273' title='bbox 1126 3172 1225 3237; x_wconf 92' lang='lat' dir='ltr'><strong>ille</strong></span> <span class='ocrx_word' id='word_1_274' title='bbox 1278 3171 1590 3258; x_wconf 85' lang='lat' dir='ltr'><strong>probavit,</strong></span> <span class='ocrx_word' id='word_1_275' title='bbox 1651 3191 1846 3256; x_wconf 91' lang='lat' dir='ltr'><strong>quum</strong></span> <span class='ocrx_word' id='word_1_276' title='bbox 1899 3171 2131 3236; x_wconf 88' lang='lat' dir='ltr'><strong>diceret</strong></span> <span class='ocrx_word' id='word_1_277' title='bbox 2189 3194 2326 3237; x_wconf 89' lang='lat' dir='ltr'><strong>eam</strong></span> <span class='ocrx_word' id='word_1_278' title='bbox 2376 3184 2629 3261; x_wconf 87' lang='lat' dir='ltr'><strong>recepta</strong></span> 
     </span>
     <span class='ocr_line' id='line_1_33' title="bbox 283 3265 2629 3358; baseline 0.002 -25"><span class='ocrx_word' id='word_1_279' title='bbox 283 3265 628 3333; x_wconf 89' lang='lat' dir='ltr'><strong>Meelleri</strong></span> <span class='ocrx_word' id='word_1_280' title='bbox 680 3266 988 3332; x_wconf 90' lang='lat' dir='ltr'><strong>sententia</strong></span> <span class='ocrx_word' id='word_1_281' title='bbox 1035 3268 1321 3335; x_wconf 85' lang='lat' dir='ltr'><strong>versiculi</strong></span> <span class='ocrx_word' id='word_1_282' title='bbox 1361 3271 1478 3334; x_wconf 81' lang='lat'><strong>795</strong></span> <span class='ocrx_word' id='word_1_283' title='bbox 1532 3288 1673 3332; x_wconf 91' lang='lat' dir='ltr'><strong>esse</strong></span> <span class='ocrx_word' id='word_1_284' title='bbox 1717 3267 2020 3354; x_wconf 90' lang='lat' dir='ltr'><strong>speciem,</strong></span> <span class='ocrx_word' id='word_1_285' title='bbox 2070 3276 2142 3333; x_wconf 89' lang='lat' dir='ltr'><strong>ut</strong></span> <span class='ocrx_word' id='word_1_286' title='bbox 2195 3276 2302 3358; x_wconf 79' lang='lat' dir='ltr'><strong>aut</strong></span> <span class='ocrx_word' id='word_1_287' title='bbox 2343 3272 2629 3338; x_wconf 86' lang='lat' dir='ltr'><strong>consulto</strong></span> 
     </span>
     <span class='ocr_line' id='line_1_34' title="bbox 283 3360 2627 3434; baseline 0.002 -7"><span class='ocrx_word' id='word_1_288' title='bbox 283 3363 361 3427; x_wconf 88' lang='lat' dir='ltr'><strong>de</strong></span> <span class='ocrx_word' id='word_1_289' title='bbox 418 3383 534 3426; x_wconf 90' lang='lat' dir='ltr'><strong>suo</strong></span> <span class='ocrx_word' id='word_1_290' title='bbox 581 3360 818 3426; x_wconf 83' lang='lat' dir='ltr'><strong>calculo</strong></span> <span class='ocrx_word' id='word_1_291' title='bbox 865 3370 1071 3429; x_wconf 87' lang='lat' dir='ltr'><strong>tacere</strong></span> <span class='ocrx_word' id='word_1_292' title='bbox 1131 3373 1241 3431; x_wconf 86' lang='lat' dir='ltr'><strong>aut</strong></span> <span class='ocrx_word' id='word_1_293' title='bbox 1291 3363 1682 3433; x_wconf 89' lang='lat' dir='ltr'><strong>mendacium</strong></span> <span class='ocrx_word' id='word_1_294' title='bbox 1733 3364 2118 3430; x_wconf 88' lang='lat' dir='ltr'><strong>committere</strong></span> <span class='ocrx_word' id='word_1_295' title='bbox 2168 3365 2283 3430; x_wconf 90' lang='lat' dir='ltr'><strong>dea</strong></span> <span class='ocrx_word' id='word_1_296' title='bbox 2332 3367 2627 3434; x_wconf 85' lang='lat' dir='ltr'><strong>videatur.</strong></span> 
     </span>
     <span class='ocr_line' id='line_1_35' title="bbox 285 3457 2627 3544; baseline 0.002 -20"><span class='ocrx_word' id='word_1_297' title='bbox 285 3457 412 3525; x_wconf 90' lang='lat' dir='ltr'><strong>Sed</strong></span> <span class='ocrx_word' id='word_1_298' title='bbox 456 3477 572 3522; x_wconf 90' lang='lat' dir='ltr'><strong>nec</strong></span> <span class='ocrx_word' id='word_1_299' title='bbox 613 3464 741 3521; x_wconf 88' lang='lat' dir='ltr'><strong>tam</strong></span> <span class='ocrx_word' id='word_1_300' title='bbox 783 3458 1056 3544; x_wconf 89' lang='lat' dir='ltr'><strong>ineptam</strong></span> <span class='ocrx_word' id='word_1_301' title='bbox 1100 3463 1277 3527; x_wconf 90' lang='lat' dir='ltr'><strong>deam</strong></span> <span class='ocrx_word' id='word_1_302' title='bbox 1317 3461 1741 3528; x_wconf 87' lang='lat' dir='ltr'><strong>Muellerus</strong></span> <span class='ocrx_word' id='word_1_303' title='bbox 1782 3461 2051 3528; x_wconf 88' lang='lat' dir='ltr'><strong>reddidit</strong></span> <span class='ocrx_word' id='word_1_304' title='bbox 2091 3482 2205 3526; x_wconf 91' lang='lat' dir='ltr'><strong>nec</strong></span> <span class='ocrx_word' id='word_1_305' title='bbox 2246 3463 2627 3529; x_wconf 88' lang='lat' dir='ltr'><strong>mendacem.</strong></span> 
     </span>
    </p>
   </div>
   <div class='ocr_carea' id='block_1_4' title="bbox 160 3552 2746 3741">
    <p class='ocr_par' dir='ltr' id='par_1_6' title="bbox 160 3552 2746 3741">
     <span class='ocr_line' id='line_1_36' title="bbox 160 3552 2629 3644; baseline 0.002 -24"><span class='ocrx_word' id='word_1_306' title='bbox 160 3624 181 3633; x_wconf 55' lang='lat'>„</span> <span class='ocrx_word' id='word_1_307' title='bbox 283 3554 419 3620; x_wconf 93' lang='lat' dir='ltr'><strong>Suo</strong></span> <span class='ocrx_word' id='word_1_308' title='bbox 461 3552 598 3619; x_wconf 88' lang='lat' dir='ltr'><strong>iure</strong></span> <span class='ocrx_word' id='word_1_309' title='bbox 638 3590 720 3600; x_wconf 93' lang='lat'><em>-</em></span> <span class='ocrx_word' id='word_1_310' title='bbox 770 3562 841 3619; x_wconf 90' lang='lat' dir='ltr'><strong>ut</strong></span> <span class='ocrx_word' id='word_1_311' title='bbox 893 3577 1200 3643; x_wconf 86' lang='lat' dir='ltr'><strong>exponam</strong></span> <span class='ocrx_word' id='word_1_312' title='bbox 1262 3557 1409 3644; x_wconf 91' lang='lat' dir='ltr'><strong>quid</strong></span> <span class='ocrx_word' id='word_1_313' title='bbox 1462 3557 1607 3624; x_wconf 85' lang='lat' dir='ltr'><strong>velit</strong></span> <span class='ocrx_word' id='word_1_314' title='bbox 1656 3559 2065 3624; x_wconf 88' lang='lat' dir='ltr'><strong>Muellerus</strong></span> <span class='ocrx_word' id='word_1_315' title='bbox 2104 3594 2185 3603; x_wconf 94' lang='lat'><strong>—-</strong></span> <span class='ocrx_word' id='word_1_316' title='bbox 2236 3557 2459 3623; x_wconf 89' lang='lat' dir='ltr'><strong>iterum</strong></span> <span class='ocrx_word' id='word_1_317' title='bbox 2512 3559 2629 3624; x_wconf 91' lang='lat' dir='ltr'><strong>dea</strong></span> 
     </span>
     <span class='ocr_line' id='line_1_37' title="bbox 285 3649 2746 3741; baseline 0.002 -26"><span class='ocrx_word' id='word_1_318' title='bbox 285 3649 551 3715; x_wconf 85' lang='lat' dir='ltr'><strong>affirmat</strong></span> <span class='ocrx_word' id='word_1_319' title='bbox 592 3651 913 3717; x_wconf 88' lang='lat' dir='ltr'><strong>sententiis</strong></span> <span class='ocrx_word' id='word_1_320' title='bbox 955 3653 1252 3741; x_wconf 89' lang='lat' dir='ltr'><strong>utrinque</strong></span> <span class='ocrx_word' id='word_1_321' title='bbox 1283 3654 1536 3741; x_wconf 89' lang='lat' dir='ltr'><strong>paribus</strong></span> <span class='ocrx_word' id='word_1_322' title='bbox 1564 3654 1856 3721; x_wconf 85' lang='lat' dir='ltr'><strong>Orestem</strong></span> <span class='ocrx_word' id='word_1_323' title='bbox 1894 3675 2030 3719; x_wconf 93' lang='lat' dir='ltr'><strong>esse</strong></span> <span class='ocrx_word' id='word_1_324' title='bbox 2060 3653 2443 3728; x_wconf 88' lang='lat' dir='ltr'><strong>absolutum;</strong></span> <span class='ocrx_word' id='word_1_325' title='bbox 2485 3676 2627 3721; x_wconf 91' lang='lat' dir='ltr'><strong>nam</strong></span> <span class='ocrx_word' id='word_1_326' title='bbox 2741 3663 2746 3670; x_wconf 80' lang='grc'><em>’</em></span> 
     </span>
    </p>
   </div>
   <div class='ocr_carea' id='block_1_5' title="bbox 285 3746 2631 4412">
    <p class='ocr_par' dir='ltr' id='par_1_7' title="bbox 285 3746 2629 4029">
     <span class='ocr_line' id='line_1_38' title="bbox 287 3746 2629 3837; baseline 0.003 -25"><span class='ocrx_word' id='word_1_327' title='bbox 287 3769 475 3833; x_wconf 88' lang='lat' dir='ltr'><strong>quem</strong></span> <span class='ocrx_word' id='word_1_328' title='bbox 529 3746 662 3833; x_wconf 85' lang='lat' dir='ltr'><strong>ipsa</strong></span> <span class='ocrx_word' id='word_1_329' title='bbox 703 3747 1005 3814; x_wconf 87' lang='lat' dir='ltr'><strong>calculum</strong></span> <span class='ocrx_word' id='word_1_330' title='bbox 1048 3751 1308 3827; x_wconf 88' lang='lat' dir='ltr'><strong>addidit,</strong></span> <span class='ocrx_word' id='word_1_331' title='bbox 1357 3751 1409 3815; x_wconf 89' lang='lat' dir='ltr'><strong>is</strong></span> <span class='ocrx_word' id='word_1_332' title='bbox 1460 3773 1589 3815; x_wconf 92' lang='lat' dir='ltr'><strong>non</strong></span> <span class='ocrx_word' id='word_1_333' title='bbox 1639 3751 1933 3837; x_wconf 91' lang='lat' dir='ltr'><strong>imparem</strong></span> <span class='ocrx_word' id='word_1_334' title='bbox 1982 3749 2251 3813; x_wconf 89' lang='lat' dir='ltr'><strong>reddidit</strong></span> <span class='ocrx_word' id='word_1_335' title='bbox 2297 3769 2629 3818; x_wconf 91' lang='lat' dir='ltr'><strong>numerum</strong></span> 
     </span>
     <span class='ocr_line' id='line_1_39' title="bbox 286 3843 2629 3931; baseline 0.002 -23"><span class='ocrx_word' id='word_1_336' title='bbox 286 3843 497 3922; x_wconf 85' lang='lat' dir='ltr'><strong>istum,</strong></span> <span class='ocrx_word' id='word_1_337' title='bbox 540 3844 649 3909; x_wconf 92' lang='lat' dir='ltr'><strong>sed</strong></span> <span class='ocrx_word' id='word_1_338' title='bbox 692 3843 753 3908; x_wconf 91' lang='lat' dir='ltr'><strong>id</strong></span> <span class='ocrx_word' id='word_1_339' title='bbox 796 3845 1016 3924; x_wconf 85' lang='lat' dir='ltr'><strong>effecit,</strong></span> <span class='ocrx_word' id='word_1_340' title='bbox 1057 3852 1130 3912; x_wconf 89' lang='lat' dir='ltr'><strong>ut</strong></span> <span class='ocrx_word' id='word_1_341' title='bbox 1170 3846 1247 3912; x_wconf 90' lang='lat' dir='ltr'><strong>ad</strong></span> <span class='ocrx_word' id='word_1_342' title='bbox 1289 3846 1732 3914; x_wconf 87' lang='lat' dir='ltr'><strong>absolvendum</strong></span> <span class='ocrx_word' id='word_1_343' title='bbox 1775 3846 2066 3912; x_wconf 88' lang='lat' dir='ltr'><strong>Orestem</strong></span> <span class='ocrx_word' id='word_1_344' title='bbox 2109 3866 2221 3931; x_wconf 91' lang='lat' dir='ltr'><strong>par</strong></span> <span class='ocrx_word' id='word_1_345' title='bbox 2260 3867 2383 3911; x_wconf 90' lang='lat' dir='ltr'><strong>non</strong></span> <span class='ocrx_word' id='word_1_346' title='bbox 2424 3849 2629 3915; x_wconf 89' lang='lat' dir='ltr'><strong>minus</strong></span> 
     </span>
     <span class='ocr_line' id='line_1_40' title="bbox 285 3940 2089 4029; baseline -0.001 -22"><span class='ocrx_word' id='word_1_347' title='bbox 285 3940 517 4007; x_wconf 85' lang='lat' dir='ltr'><strong>valeret</strong></span> <span class='ocrx_word' id='word_1_348' title='bbox 557 3961 743 4027; x_wconf 89' lang='lat' dir='ltr'><strong>quam</strong></span> <span class='ocrx_word' id='word_1_349' title='bbox 784 3941 983 4029; x_wconf 86' lang='lat' dir='ltr'><strong>major</strong></span> <span class='ocrx_word' id='word_1_350' title='bbox 1024 3943 1307 4011; x_wconf 89' lang='lat' dir='ltr'><strong>alborum</strong></span> <span class='ocrx_word' id='word_1_351' title='bbox 1349 3943 1728 4010; x_wconf 89' lang='lat' dir='ltr'><strong>calculorum</strong></span> <span class='ocrx_word' id='word_1_352' title='bbox 1770 3963 2089 4009; x_wconf 89' lang='lat' dir='ltr'><strong>numerus.</strong></span> 
     </span>
    </p>

    <p class='ocr_par' dir='ltr' id='par_1_8' title="bbox 285 4035 2631 4412">
     <span class='ocr_line' id='line_1_41' title="bbox 444 4035 2628 4126; baseline 0 -24"><span class='ocrx_word' id='word_1_353' title='bbox 444 4035 571 4102; x_wconf 90' lang='lat' dir='ltr'><strong>Sed</strong></span> <span class='ocrx_word' id='word_1_354' title='bbox 621 4036 742 4101; x_wconf 91' lang='lat' dir='ltr'><strong>iam</strong></span> <span class='ocrx_word' id='word_1_355' title='bbox 792 4039 1294 4106; x_wconf 88' lang='lat' dir='ltr'><strong>Hermannum</strong></span> <span class='ocrx_word' id='word_1_356' title='bbox 1345 4040 1669 4106; x_wconf 88' lang='lat' dir='ltr'><strong>audiamus</strong></span> <span class='ocrx_word' id='word_1_357' title='bbox 1698 4039 1760 4125; x_wconf 74' lang='lat'><strong>¹).</strong></span> <span class='ocrx_word' id='word_1_358' title='bbox 1855 4038 1922 4105; x_wconf 90' lang='lat' dir='ltr'><strong>Si</strong></span> <span class='ocrx_word' id='word_1_359' title='bbox 1971 4039 2354 4119; x_wconf 87' lang='lat' dir='ltr'><strong>Muelleri,</strong></span> <span class='ocrx_word' id='word_1_360' title='bbox 2408 4041 2628 4126; x_wconf 86' lang='lat' dir='ltr'><strong>inquit,</strong></span> 
     </span>
     <span class='ocr_line' id='line_1_42' title="bbox 285 4131 2631 4224; baseline 0.001 -26"><span class='ocrx_word' id='word_1_361' title='bbox 285 4131 593 4198; x_wconf 86' lang='lat' dir='ltr'><strong>sententia</strong></span> <span class='ocrx_word' id='word_1_362' title='bbox 636 4132 852 4198; x_wconf 89' lang='lat' dir='ltr'><strong>eadem</strong></span> <span class='ocrx_word' id='word_1_363' title='bbox 904 4143 969 4200; x_wconf 87' lang='lat' dir='ltr'><strong>et</strong></span> <span class='ocrx_word' id='word_1_364' title='bbox 1006 4136 1292 4224; x_wconf 79' lang='lat' dir='ltr'><strong>Aeschyli</strong></span> <span class='ocrx_word' id='word_1_365' title='bbox 1333 4136 1581 4214; x_wconf 86' lang='lat' dir='ltr'><strong>fuisset,</strong></span> <span class='ocrx_word' id='word_1_366' title='bbox 1628 4135 1794 4201; x_wconf 90' lang='lat' dir='ltr'><strong>haud</strong></span> <span class='ocrx_word' id='word_1_367' title='bbox 1836 4135 2022 4201; x_wconf 90' lang='lat' dir='ltr'><strong>dubie</strong></span> <span class='ocrx_word' id='word_1_368' title='bbox 2071 4137 2253 4222; x_wconf 84' lang='lat' dir='ltr'><strong>longe</strong></span> <span class='ocrx_word' id='word_1_369' title='bbox 2305 4136 2482 4202; x_wconf 90' lang='lat' dir='ltr'><strong>aliter</strong></span> <span class='ocrx_word' id='word_1_370' title='bbox 2531 4134 2631 4200; x_wconf 90' lang='lat' dir='ltr'><strong>bic</strong></span> 
     </span>
     <span class='ocr_line' id='line_1_43' title="bbox 287 4227 2630 4320; baseline 0.001 -26"><span class='ocrx_word' id='word_1_371' title='bbox 287 4228 533 4295; x_wconf 88' lang='lat' dir='ltr'><strong>locutus</strong></span> <span class='ocrx_word' id='word_1_372' title='bbox 575 4227 794 4295; x_wconf 86' lang='lat' dir='ltr'><strong>fuisset</strong></span> <span class='ocrx_word' id='word_1_373' title='bbox 833 4252 948 4296; x_wconf 91' lang='lat' dir='ltr'><strong>nec</strong></span> <span class='ocrx_word' id='word_1_374' title='bbox 990 4233 1269 4317; x_wconf 86' lang='lat' dir='ltr'><strong>profecto</strong></span> <span class='ocrx_word' id='word_1_375' title='bbox 1311 4240 1452 4296; x_wconf 87' lang='lat' dir='ltr'><strong>ante</strong></span> <span class='ocrx_word' id='word_1_376' title='bbox 1493 4239 1808 4318; x_wconf 90' lang='lat' dir='ltr'><strong>repertum</strong></span> <span class='ocrx_word' id='word_1_377' title='bbox 1826 4232 2120 4320; x_wconf 89' lang='lat' dir='ltr'><strong>utrinque</strong></span> <span class='ocrx_word' id='word_1_378' title='bbox 2162 4253 2374 4315; x_wconf 91' lang='lat' dir='ltr'><strong>parem</strong></span> <span class='ocrx_word' id='word_1_379' title='bbox 2418 4231 2630 4296; x_wconf 89' lang='lat' dir='ltr'><strong>calcu-</strong></span> 
     </span>
     <span class='ocr_line' id='line_1_44' title="bbox 285 4326 2631 4412; baseline 0.001 -22"><span class='ocrx_word' id='word_1_380' title='bbox 285 4326 489 4391; x_wconf 90' lang='lat' dir='ltr'><strong>lorum</strong></span> <span class='ocrx_word' id='word_1_381' title='bbox 534 4345 860 4391; x_wconf 89' lang='lat' dir='ltr'><strong>numerum</strong></span> <span class='ocrx_word' id='word_1_382' title='bbox 903 4327 1244 4396; x_wconf 87' lang='lat' dir='ltr'><strong>Minervam</strong></span> <span class='ocrx_word' id='word_1_383' title='bbox 1299 4349 1363 4393; x_wconf 92' lang='lat' dir='ltr'><strong>se</strong></span> <span class='ocrx_word' id='word_1_384' title='bbox 1417 4348 1598 4393; x_wconf 92' lang='lat' dir='ltr'><strong>suum</strong></span> <span class='ocrx_word' id='word_1_385' title='bbox 1643 4328 1852 4395; x_wconf 88' lang='lat' dir='ltr'><strong>Oresti</strong></span> <span class='ocrx_word' id='word_1_386' title='bbox 1905 4330 2205 4396; x_wconf 89' lang='lat' dir='ltr'><strong>calculum</strong></span> <span class='ocrx_word' id='word_1_387' title='bbox 2249 4326 2631 4412; x_wconf 87' lang='lat' dir='ltr'><strong>adjecturam</strong></span> 
     </span>
    </p>
   </div>
   <div class='ocr_carea' id='block_1_6' title="bbox 544 4463 710 4471">
    <p class='ocr_par' dir='ltr' id='par_1_9' title="bbox 544 4463 710 4471">
     <span class='ocr_line' id='line_1_45' title="bbox 544 4463 710 4471; baseline 0 398"><span class='ocrx_word' id='word_1_388' title='bbox 544 4463 710 4471; x_wconf 95' lang='lat' dir='ltr'><strong> </strong></span> 
     </span>
    </p>
   </div>
   <div class='ocr_carea' id='block_1_7' title="bbox 427 4530 920 4594">
    <p class='ocr_par' dir='ltr' id='par_1_10' title="bbox 427 4530 920 4594">
     <span class='ocr_line' id='line_1_46' title="bbox 427 4530 920 4594; baseline 0.006 -11"><span class='ocrx_word' id='word_1_389' title='bbox 427 4530 482 4591; x_wconf 67' lang='lat'><strong>⁸¹)</strong></span> <span class='ocrx_word' id='word_1_390' title='bbox 525 4540 708 4594; x_wconf 79' lang='lat' dir='ltr'><strong>opusc.</strong></span> <span class='ocrx_word' id='word_1_391' title='bbox 748 4540 835 4589; x_wconf 85' lang='lat' dir='ltr'><strong>VI.</strong></span> <span class='ocrx_word' id='word_1_392' title='bbox 875 4539 920 4589; x_wconf 71' lang='lat'><strong>2.</strong></span> 
     </span>
    </p>
   </div>
  </div>
 </body>
</html>
