2978 4869
1192 206 1292 257 '—-
1384 206 1465 273 21
1563 243 1650 259 -

258 402 335 447 ca
385 400 548 467 quae
600 396 786 465 supra
829 377 1206 445 mamimus.
1287 377 1662 445 Rationibus
1701 386 1920 447 contra
1959 402 2104 448 eum
2144 389 2497 465 uteremur,
2545 387 2600 453 si

257 477 394 563 ipse
443 497 598 542 usus
647 482 829 542 esset.
912 475 1068 545 Nam
1119 473 1291 561 quod
1330 474 1590 539 Homeri
1639 496 1914 541 amorem
1963 477 2041 542 ad
2082 477 2599 568 philosophorum

258 573 407 638 dicit
452 570 837 638 inimicitiam
887 569 1140 637 duxisse
1194 576 1473 655 poetam,
1535 569 1599 635 id
1661 570 1866 657 ipsum
1926 572 2168 639 ratione
2234 586 2417 643 caret.
2498 579 2600 645 Ad

256 669 416 734 hanc
464 667 629 734 enim
680 666 1071 754 opinionem,
1123 665 1266 752 quis
1305 686 1586 753 unquam
1640 669 1962 753 pervenire
2010 671 2267 756 poterit,
2317 674 2439 739 nisi
2487 673 2599 762 qui

256 764 500 849 ignorat
537 771 604 829 et
641 785 803 851 quae
844 764 927 829 sit
965 762 1295 850 peculiaris
1335 763 1595 829 Homeri
1635 772 1701 830 et
1739 785 1901 851 quae
1940 764 2453 879 philosophorum
2495 769 2598 835 di·-

255 861 476 945 gnitas.
556 861 902 926 Homerum
941 880 1099 928 ,vero
1147 858 1455 946 Aeschylo
1505 860 1572 926 in
1621 859 1856 926 deliciis
1905 859 2130 942 fuisse,
2191 864 2312 930 nisi
2363 885 2477 951 per
2526 887 2595 932 se

254 954 441 1023 fidem
481 956 768 1033 haberet,
791 956 832 1041 ⁴¹)
875 976 952 1021 ex
989 954 1424 1041 Aristophanis
1466 955 1607 1025 loco
1648 978 1685 1022 a
1724 956 1920 1023 Klau
1936 957 2146 1023 senio
2179 960 2377 1026 citato
2415 962 2592 1046 (Ran.

254 1052 430 1138 1034)
471 1074 598 1118 non
640 1052 911 1118 haberet.

1348 1223 1500 1297 §.4
1607 1261 1613 1267 ·

409 1348 532 1415 Sed
566 1348 696 1435 jam
726 1368 931 1434 aequo
972 1346 1217 1432 longius
1258 1368 1294 1411 a
1324 1349 1587 1414 consilio
1628 1354 1865 1427 nostro,
1907 1347 2085 1413 initio
2115 1346 2285 1433 quod
2326 1343 2596 1432 professi

250 1465 498 1523 sumu8,
541 1444 844 1510 sentimus
893 1463 1010 1508 nos
1053 1463 1193 1507 esse
1234 1441 1555 1510 abductos.
1640 1443 1820 1523 Quae
1865 1443 1944 1507 sit
1982 1442 2047 1507 in
2088 1442 2263 1529 poesi
2305 1437 2596 1527 Aeschyli

246 1541 340 1607 vis
381 1540 830 1627 perspeximus.
911 1539 1050 1604 Jam
1095 1560 1223 1626 quo
1263 1548 1448 1621 pacto
1489 1539 1646 1605 haec
1688 1560 1764 1604 eo
1806 1538 2146 1621 perveniat,
2186 1545 2261 1603 ut
2299 1557 2442 1603 cum
2484 1555 2594 1600 re-

247 1636 481 1721 ligione
519 1635 827 1719 confligat,
869 1634 1246 1700 disseramus
1288 1654 1548 1700 necesse
1578 1642 1693 1700 est.
1776 1635 2035 1700 Summa
2072 1654 2219 1700 vero
2261 1639 2326 1698 et
2354 1629 2595 1715 dignis-

247 1732 404 1796 sima
426 1750 714 1817 quaeque
754 1729 1020 1794 maxime
1064 1730 1279 1812 po‘esis
1307 1729 1422 1793 sihi
1453 1729 1753 1808 vindicat,
1782 1729 2172 1815 somnumque
2195 1727 2288 1793 cis
2315 1726 2596 1812 adjungit

249 1826 590 1914 perfectam
621 1844 962 1910 rerumque
987 1823 1335 1890 divinarum·
1363 1823 1695 1910 propriam.
1755 1825 1914 1890 Nam
1943 1840 2138 1910 quum
2171 1822 2326 1889 nihil
2345 1845 2482 1889 >non
2512 1822 2594 1890 ad

247 1931 445 1990 artem
485 1921 823 2009 pertineat,
875 1927 972 1985 est
1010 1922 1220 1985 tamen
1261 1940 1381 1985 nec
1422 1926 1548 1984 tam
1594 1919 1694 1985 sui
1735 1919 1983 1986 conscia
2023 1919 2268 2004 poesis,
2305 1940 2423 1985 nec
2461 1926 2591 1985 tam

248 2018 347 2083 sui
388 2036 666 2103 compos,
703 2022 779 2079 ut
816 2013 1146 2083 humiliora
1188 2036 1375 2101 quam
1416 2015 1777 2082 sublimiora
1822 2015 1939 2081 sihi
1982 2014 2358 2101 conjungere
2397 2014 2590 2080 malit.

245 2112 346 2177 Ad
378 2133 451 2177 ea
480 2108 672 2196 igitur
699 2110 965 2176 maxime
1008 2110 1300 2192 adspirat,
1342 2133 1415 2177 ea
1453 2119 1676 2189 tentat,
1718 2133 1793 2177 ea
1820 2114 2105 2193 occupat,
2135 2130 2297 2196 quae
2337 2111 2430 2177 vel
2473 2131 2590 2177 suo

244 2208 398 2274 satis
438 2207 736 2295 pondere,
777 2227 891 2272 sua
919 2205 1214 2291 dignitate
1241 2208 1461 2274 valent.
1507 2207 1721 2287 Quare
1750 2207 2071 2274 historiam
2112 2206 2387 2288 primum
2427 2212 2591 2292 poit-

242 2305 331 2369 sis
369 2304 603 2388 tragica
644 2302 761 2367 sibi
803 2299 1124 2386 adrogavit
1159 2309 1222 2366 et
1262 2301 1520 2389 quidem
1559 2325 1729 2381 eam,
1770 2325 1931 2390 quae
1973 2302 2128 2368 ideis
2168 2302 2364 2388 magis
2400 2321 2591 2388 quam

239 2399 417 2468 sactis
440 2404 701 2476 constat,
742 2394 980 2464 fabulas
1019 2396 1272 2483 inquam
1300 2397 1416 2476 vel,
1457 2406 1530 2465 ut
1546 2401 1735 2468 voebo
1755 2407 1917 2478 utar,
1960 2397 2224 2486 mythos,
2265 2397 2331 2463 in
2360 2397 2589 2485 quibus

237 2495 479 2581 ubique
507 2495 768 2561 deorum
799 2501 897 2559 est
932 2513 1231 2576 praesens
1271 2493 1362 2560 vis
1400 2497 1466 2559 et
1504 2503 1804 2581 potestas.
1883 2494 2211 2560 Paullatim
2252 2500 2589 2580 postquam

238 2590 392 2678 quid
434 2588 552 2656 sibi
591 2587 777 2656 vellet
816 2589 998 2656 illud:
1036 2589 1291 2655 intmite
1332 2609 1477 2655 nam
1519 2599 1587 2657 et
1624 2589 1726 2656 hic
1764 2590 1865 2655 dei
1895 2598 2079 2668 sunt,
2119 2587 2446 2668 intellexit,
2486 2608 2590 2656 res

237 2687 425 2752 etiam
466 2687 749 2773 proxime
793 2692 999 2772 gestas
1054 2685 1173 2751 sibi
1223 2684 1560 2771 adjungere
1603 2707 1753 2753 ausa
1796 2695 1907 2753 est.
1998 2687 2398 2753 Documento
2439 2693 2589 2753 sunt

236 2784 467 2848 Persae
527 2782 816 2869 Aeschyli
877 2789 942 2846 et
997 2778 1331 2865 Phrynichi
1380 2776 1683 2862 Μιλιῆτου
1700 2779 1946 2856 damme
1985 2782 2236 2865 (Herod.
2278 2788 2337 2860 6,
2358 2782 2478 2867 21).
2503 2817 2588 2830 —

237 2877 617 2964 Saepissime
662 2897 810 2945 vcro
860 2874 938 2941 ad
987 2872 1423 2960 antiquitatem
1472 2877 1717 2962 refugit.
1806 2876 1901 2940 lbi
1953 2877 2124 2941 ideas
2174 2877 2238 2941 in
2289 2884 2587 2962 promptu

236 2973 457 3040 habuit
480 2993 598 3040 nec
628 2972 844 3038 tamin
884 2970 983 3036 his
1025 2970 1323 3037 eruendis
1343 2992 1532 3058 quam
1561 2972 1641 3037 ad
1681 2991 1963 3038 normam
2006 2972 2185 3038 istam
2229 2990 2586 3059 supremam

235 3068 555 3154 exigendis
593 3089 847 3153 operam
898 3067 1234 3132 collocavit.
1326 3068 1505 3133 Hanc
1552 3065 1810 3133 formam
1862 3068 2054 3133 rebus
2092 3076 2420 3152 praeterea
2458 3086 2587 3134 nu-

235 3164 503 3252 perrime
547 3163 739 3250 gestis
767 3162 946 3250 quasi
988 3162 1309 3248 speculum
1348 3163 1641 3241 admovit,
1682 3183 1825 3228 cum
1864 3163 1980 3228 hac
2004 3183 2111 3228 eas
2153 3164 2239 3230 ita
2265 3161 2588 3249 conjunxit

233 3269 309 3327 ut
347 3260 524 3347 quasi
573 3260 640 3325 in
692 3259 831 3325 luce
887 3258 1154 3345 quadam
1217 3257 1515 3326 diviniore
1555 3258 1900 3326 ’collocatae
1963 3259 2240 3347 conspici
2304 3265 2584 3345 possent.

234 3357 351 3421 Est
391 3354 643 3421 Orestia
682 3353 972 3441 Aeschyli
1011 3352 1198 3441 hujus
1238 3355 1329 3420 rei
1372 3353 1686 3440 egregium
1728 3354 2102 3441 exemplum.
2125 3356 2194 3441 ”)
2244 3355 2585 3424 Comoedia

235 3451 489 3519 demum
527 3472 604 3516 eo
646 3467 973 3537 progressa
1010 3456 1125 3528 est,
1165 3458 1240 3515 ut
1259 3471 1421 3537 quae
1462 3450 1581 3516 sub
1622 3450 1887 3537 pedihus
1927 3459 2138 3518 essent
2178 3472 2254 3517 ea
2292 3453 2587 3518 lustraret

232 3555 303 3613 et
340 3546 418 3613 ad
457 3545 719 3615 rationis
757 3565 1038 3628 normam
1083 3544 1356 3632 artisque
1386 3544 1760 3612 dramaticae
1798 3545 2060 3613 formam
2100 3547 2394 3634 exigeret.
2457 3546 2583 3613 Sed

234 3642 389 3708 haec
430 3642 596 3707 alias.
624 3677 706 3689 —-
744 3639 1154 3727 Tragoediam
1195 3639 1260 3707 in
1303 3642 1584 3708 fabulosa
1626 3643 1892 3708 maxime
1920 3642 2179 3709 historia
2211 3647 2584 3720 versantem,

235 3746 304 3804 et
341 3740 420 3805 ab
463 3758 565 3816 ea,
616 3756 779 3824 quae
828 3756 945 3818 per
994 3758 1061 3804 se
1115 3737 1238 3802 iam
1286 3737 1421 3803 deis
1471 3747 1608 3804 erat
1655 3747 1718 3804 et
1764 3738 2066 3824 religione
2114 3739 2298 3821 plena
2347 3738 2426 3804 ad
2466 3737 2584 3804 hos
2633 3763 2646 3770 ·

234 3834 436 3920 ipsos,
497 3832 574 3900 ad
634 3833 834 3915 ipsam
885 3832 1250 3918 religionem
1291 3834 1724 3900 ascendentem
1778 3834 2077 3902 videmus
2184 3835 2406 3922 Itaque
2455 3855 2582 3900 non

238 3927 468 4015 Ulyssis
508 3936 749 3994 tantum
792 3935 858 3994 et
894 3929 1179 4007 Achillis,
1219 3930 1663 4016 Pelopidarum
1702 3938 1945 3997 tantum
1986 3938 2053 3996 et
2091 3930 2580 3998 Labdacidarum

235 4024 357 4090 sata
396 4030 766 4101 tractantur,
809 4026 918 4090 sed
940 4048 1041 4091 res
1071 4033 1203 4091 tota
1224 4026 1301 4090 ad
1325 4024 1477 4091 deos
1520 4026 1707 4102 redit,
1737 4047 1772 4090 a
1795 4024 1929 4090 deis
1970 4032 2101 4093 tota
2128 4028 2473 4115 peragitur,
2516 4026 2579 4089 in

236 4141 484 4186 scenam
544 4119 754 4206 prodit
814 4142 953 4187 cum
1016 4122 1161 4188 love
1214 4129 1388 4187 totus
1443 4123 1768 4209 Olympus.
1868 4120 2078 4190 Eheu!
2121 4133 2353 4211 quanta
2392 4127 2577 4209 poeta

234 4258 293 4267 .-

374 4328 528 4424 ¹⁸)3cl'.
567 4333 750 4379 Amen·
786 4315 1634 4394 e,84712.——wa6200v,
1689 4345 1753 4387 ος
1796 4320 1891 4389 τοὶς
1938 4317 2047 4380 αὐτ
2047 4323 2126 4380 οὗ
2169 4313 2544 4395 τρογῳδῖαςτε

230 4403 451 4480 μα’κηε
447 4384 572 4467 {vat
602 4398 758 4481 ’ῢιεγε
794 4433 893 4466 των
920 4401 1130 4484 εΟᾼωίφει
1132 4432 1177 4465 υ
1210 4409 1466 4479 μεγάλων
1504 4409 1580 4465 δι’
1539 4428 1744 4468 um

375 4497 457 4566 ⁸¹)
490 4509 556 4559 et.
592 4509 907 4567 ιιοιιιιιιιιιιι
940 4510 1224 4559 uueller.
1258 4520 1342 4567 1²8·-
1382 4503 1488 4559 11⁵
1525 4520 1600 4567 sq.
1637 4510 1951 4566 Droysen.
1985 4517 2070 4563 με.
2107 4502 2140 4555 8
2177 4516 2254 4563 εει.
