<?xml version="1.0" encoding="UTF-8"?>
<!DOCTYPE html PUBLIC "-//W3C//DTD XHTML 1.0 Transitional//EN"
    "http://www.w3.org/TR/xhtml1/DTD/xhtml1-transitional.dtd">
<html xmlns="http://www.w3.org/1999/xhtml" xml:lang="en" lang="en">
 <head>
  <title>
</title>
<meta http-equiv="Content-Type" content="text/html;charset=utf-8" />
  <meta name='ocr-system' content='tesseract 3.04.00' />
  <meta name='ocr-capabilities' content='ocr_page ocr_carea ocr_par ocr_line ocrx_word'/>
</head>
<body>
  <div class='ocr_page' id='page_1' title='image "./dererumdivinaru00haymgoog_0045.png"; bbox 0 0 2978 4869; ppageno 0'>
   <div class='ocr_carea' id='block_1_1' title="bbox 1227 162 1667 250">
    <p class='ocr_par' dir='ltr' id='par_1_1' title="bbox 1227 162 1667 250">
     <span class='ocr_line' id='line_1_1' title="bbox 1227 162 1667 250; baseline 0.009 -20"><span class='ocrx_word' id='word_1_1' title='bbox 1227 162 1667 250; x_wconf 74' lang='grc'><strong>...37-</strong></span> 
     </span>
    </p>
   </div>
   <div class='ocr_carea' id='block_1_2' title="bbox 260 353 2676 4572">
    <p class='ocr_par' dir='ltr' id='par_1_2' title="bbox 284 353 2625 725">
     <span class='ocr_line' id='line_1_2' title="bbox 444 353 2624 441; baseline -0.002 -20"><span class='ocrx_word' id='word_1_2' title='bbox 444 357 542 421; x_wconf 86' lang='lat' dir='ltr'>De</span> <span class='ocrx_word' id='word_1_3' title='bbox 585 355 690 421; x_wconf 85' lang='lat' dir='ltr'>iuo</span> <span class='ocrx_word' id='word_1_4' title='bbox 730 353 931 440; x_wconf 89' lang='lat' dir='ltr'>primo</span> <span class='ocrx_word' id='word_1_5' title='bbox 977 353 1322 420; x_wconf 82' lang='lat' dir='ltr'>dramatum</span> <span class='ocrx_word' id='word_1_6' title='bbox 1367 376 1597 439; x_wconf 85' lang='lat' dir='ltr'>genere</span> <span class='ocrx_word' id='word_1_7' title='bbox 1639 375 1805 441; x_wconf 77' lang='lat' dir='ltr'>nunc</span> <span class='ocrx_word' id='word_1_8' title='bbox 1847 356 2025 421; x_wconf 88' lang='lat' dir='ltr'>nobis</span> <span class='ocrx_word' id='word_1_9' title='bbox 2069 376 2274 422; x_wconf 90' lang='lat' dir='ltr'>sermo</span> <span class='ocrx_word' id='word_1_10' title='bbox 2317 374 2455 419; x_wconf 90' lang='lat' dir='ltr'>esse</span> <span class='ocrx_word' id='word_1_11' title='bbox 2499 375 2624 420; x_wconf 90' lang='lat' dir='ltr'>non</span> 
     </span>
     <span class='ocr_line' id='line_1_3' title="bbox 284 449 2625 539; baseline -0.001 -23"><span class='ocrx_word' id='word_1_12' title='bbox 284 458 514 537; x_wconf 88' lang='lat' dir='ltr'>potest.</span> <span class='ocrx_word' id='word_1_13' title='bbox 597 452 776 517; x_wconf 83' lang='lat' dir='ltr'>Nunc</span> <span class='ocrx_word' id='word_1_14' title='bbox 827 449 996 516; x_wconf 90' lang='lat' dir='ltr'>enim</span> <span class='ocrx_word' id='word_1_15' title='bbox 1048 471 1236 537; x_wconf 89' lang='lat' dir='ltr'>quem</span> <span class='ocrx_word' id='word_1_16' title='bbox 1288 451 1357 514; x_wconf 76' lang='lat' dir='ltr'>in&#39;</span> <span class='ocrx_word' id='word_1_17' title='bbox 1395 451 1693 536; x_wconf 81' lang='lat' dir='ltr'>religione</span> <span class='ocrx_word' id='word_1_18' title='bbox 1737 453 1944 538; x_wconf 80' lang='lat' dir='ltr'>po‘esis</span> <span class='ocrx_word' id='word_1_19' title='bbox 1986 452 2399 539; x_wconf 79' lang='lat' dir='ltr'><strong>principatum</strong></span> <span class='ocrx_word' id='word_1_20' title='bbox 2441 470 2625 514; x_wconf 85' lang='lat' dir='ltr'>exer-</span> 
     </span>
     <span class='ocr_line' id='line_1_4' title="bbox 285 546 2625 635; baseline -0.001 -23"><span class='ocrx_word' id='word_1_21' title='bbox 285 555 426 612; x_wconf 88' lang='lat' dir='ltr'>ceat</span> <span class='ocrx_word' id='word_1_22' title='bbox 484 546 832 632; x_wconf 78' lang='lat' dir='ltr'>quaeritur.¹</span> <span class='ocrx_word' id='word_1_23' title='bbox 913 546 1196 612; x_wconf 88' lang='lat' dir='ltr'>Alterum</span> <span class='ocrx_word' id='word_1_24' title='bbox 1261 566 1457 630; x_wconf 89' lang='lat' dir='ltr'>genus</span> <span class='ocrx_word' id='word_1_25' title='bbox 1509 568 1729 632; x_wconf 88' lang='lat' dir='ltr'>magna</span> <span class='ocrx_word' id='word_1_26' title='bbox 1785 570 1861 613; x_wconf 86' lang='lat' dir='ltr'>ex</span> <span class='ocrx_word' id='word_1_27' title='bbox 1908 556 2110 635; x_wconf 89' lang='lat' dir='ltr'>parte,</span> <span class='ocrx_word' id='word_1_28' title='bbox 2171 546 2426 612; x_wconf 89' lang='lat' dir='ltr'>tertium</span> <span class='ocrx_word' id='word_1_29' title='bbox 2478 565 2625 611; x_wconf 87' lang='lat' dir='ltr'>vero</span> 
     </span>
     <span class='ocr_line' id='line_1_5' title="bbox 284 641 1102 725; baseline -0.001 -17"><span class='ocrx_word' id='word_1_30' title='bbox 284 650 485 709; x_wconf 91' lang='lat' dir='ltr'>totum</span> <span class='ocrx_word' id='word_1_31' title='bbox 504 724 507 725; x_wconf 7' lang='grc' dir='ltr'><em>ἢ</em></span> <span class='ocrx_word' id='word_1_32' title='bbox 527 643 649 708; x_wconf 90' lang='lat' dir='ltr'>huc</span> <span class='ocrx_word' id='word_1_33' title='bbox 688 641 980 722; x_wconf 79' lang='lat' dir='ltr'>pertinet.</span> <span class='ocrx_word' id='word_1_34' title='bbox 1020 679 1102 688; x_wconf 94' lang='lat'>—</span> 
     </span>
    </p>

    <p class='ocr_par' dir='ltr' id='par_1_3' title="bbox 278 736 2626 1209">
     <span class='ocr_line' id='line_1_6' title="bbox 440 736 2626 827; baseline -0 -26"><span class='ocrx_word' id='word_1_35' title='bbox 440 739 513 802; x_wconf 91' lang='lat' dir='ltr'>In</span> <span class='ocrx_word' id='word_1_36' title='bbox 557 736 807 803; x_wconf 85' lang='lat' dir='ltr'>Orestia</span> <span class='ocrx_word' id='word_1_37' title='bbox 850 739 1122 824; x_wconf 91' lang='lat' dir='ltr'>primum</span> <span class='ocrx_word' id='word_1_38' title='bbox 1165 739 1240 803; x_wconf 91' lang='lat' dir='ltr'>ab</span> <span class='ocrx_word' id='word_1_39' title='bbox 1283 742 1784 822; x_wconf 82' lang='lat' dir='ltr'>Agamemnone,</span> <span class='ocrx_word' id='word_1_40' title='bbox 1837 739 2350 827; x_wconf 81' lang='lat' dir='ltr'>Clytaemnestra,</span> <span class='ocrx_word' id='word_1_41' title='bbox 2392 737 2626 804; x_wconf 87' lang='lat' dir='ltr'>Oreste</span> 
     </span>
     <span class='ocr_line' id='line_1_7' title="bbox 285 834 2625 920; baseline -0.002 -20"><span class='ocrx_word' id='word_1_42' title='bbox 285 834 363 900; x_wconf 91' lang='lat' dir='ltr'>ad</span> <span class='ocrx_word' id='word_1_43' title='bbox 407 834 559 898; x_wconf 89' lang='lat' dir='ltr'>deos</span> <span class='ocrx_word' id='word_1_44' title='bbox 600 854 703 899; x_wconf 90' lang='lat' dir='ltr'>res</span> <span class='ocrx_word' id='word_1_45' title='bbox 746 834 1042 918; x_wconf 89' lang='lat' dir='ltr'>paulatim</span> <span class='ocrx_word' id='word_1_46' title='bbox 1085 835 1465 919; x_wconf 85' lang='lat' dir='ltr'>perducitur.</span> <span class='ocrx_word' id='word_1_47' title='bbox 1551 836 1694 914; x_wconf 88' lang='lat' dir='ltr'>Qua</span> <span class='ocrx_word' id='word_1_48' title='bbox 1721 836 1959 900; x_wconf 90' lang='lat' dir='ltr'>ratione</span> <span class='ocrx_word' id='word_1_49' title='bbox 1990 835 2050 898; x_wconf 90' lang='lat' dir='ltr'>id</span> <span class='ocrx_word' id='word_1_50' title='bbox 2080 836 2187 900; x_wconf 87' lang='lat' dir='ltr'>fiat</span> <span class='ocrx_word' id='word_1_51' title='bbox 2213 835 2276 899; x_wconf 91' lang='lat' dir='ltr'>in</span> <span class='ocrx_word' id='word_1_52' title='bbox 2304 841 2625 920; x_wconf 88' lang='lat' dir='ltr'>posterum</span> 
     </span>
     <span class='ocr_line' id='line_1_8' title="bbox 286 930 2625 1017; baseline -0.003 -22"><span class='ocrx_word' id='word_1_53' title='bbox 286 951 589 1017; x_wconf 87' lang='lat' dir='ltr'>quaerere</span> <span class='ocrx_word' id='word_1_54' title='bbox 633 930 1009 996; x_wconf 84' lang='lat' dir='ltr'>differamus.</span> <span class='ocrx_word' id='word_1_55' title='bbox 1090 932 1272 997; x_wconf 90' lang='lat' dir='ltr'>Nunc</span> <span class='ocrx_word' id='word_1_56' title='bbox 1315 931 1444 997; x_wconf 87' lang='lat' dir='ltr'>sola</span> <span class='ocrx_word' id='word_1_57' title='bbox 1487 932 1589 996; x_wconf 90' lang='lat' dir='ltr'>illa</span> <span class='ocrx_word' id='word_1_58' title='bbox 1628 931 2050 997; x_wconf 88' lang='lat' dir='ltr'>Eumenidum</span> <span class='ocrx_word' id='word_1_59' title='bbox 2092 930 2478 1017; x_wconf 84' lang='lat' dir='ltr'>deorumque</span> <span class='ocrx_word' id='word_1_60' title='bbox 2521 949 2625 993; x_wconf 91' lang='lat' dir='ltr'>re-.-</span> 
     </span>
     <span class='ocr_line' id='line_1_9' title="bbox 280 1023 2626 1113; baseline -0.001 -22"><span class='ocrx_word' id='word_1_61' title='bbox 280 1027 628 1092; x_wconf 84' lang='lat' dir='ltr'>centiorum</span> <span class='ocrx_word' id='word_1_62' title='bbox 669 1026 744 1090; x_wconf 89' lang='lat' dir='ltr'>lis</span> <span class='ocrx_word' id='word_1_63' title='bbox 788 1048 915 1111; x_wconf 88' lang='lat' dir='ltr'>qua</span> <span class='ocrx_word' id='word_1_64' title='bbox 954 1027 1017 1091; x_wconf 89' lang='lat' dir='ltr'>in</span> <span class='ocrx_word' id='word_1_65' title='bbox 1059 1048 1127 1091; x_wconf 91' lang='lat' dir='ltr'>re</span> <span class='ocrx_word' id='word_1_66' title='bbox 1168 1033 1479 1104; x_wconf 81' lang='lat' dir='ltr'>versetur,</span> <span class='ocrx_word' id='word_1_67' title='bbox 1534 1027 1850 1113; x_wconf 89' lang='lat' dir='ltr'>quomodo</span> <span class='ocrx_word' id='word_1_68' title='bbox 1891 1027 2294 1110; x_wconf 84' lang='lat' dir='ltr'>transigatur,</span> <span class='ocrx_word' id='word_1_69' title='bbox 2346 1047 2470 1113; x_wconf 91' lang='lat' dir='ltr'>qua</span> <span class='ocrx_word' id='word_1_70' title='bbox 2510 1023 2626 1088; x_wconf 90' lang='lat' dir='ltr'>de·-</span> 
     </span>
     <span class='ocr_line' id='line_1_10' title="bbox 278 1120 2419 1209; baseline 0 -23"><span class='ocrx_word' id='word_1_71' title='bbox 278 1122 473 1209; x_wconf 90' lang='lat' dir='ltr'>nique</span> <span class='ocrx_word' id='word_1_72' title='bbox 511 1120 753 1187; x_wconf 87' lang='lat' dir='ltr'>ratione</span> <span class='ocrx_word' id='word_1_73' title='bbox 794 1121 893 1186; x_wconf 83' lang='lat' dir='ltr'>lex</span> <span class='ocrx_word' id='word_1_74' title='bbox 936 1121 1051 1187; x_wconf 84' lang='lat' dir='ltr'>ista</span> <span class='ocrx_word' id='word_1_75' title='bbox 1095 1143 1386 1208; x_wconf 86' lang='lat' dir='ltr'>suprema</span> <span class='ocrx_word' id='word_1_76' title='bbox 1426 1122 1528 1187; x_wconf 88' lang='lat' dir='ltr'>hic</span> <span class='ocrx_word' id='word_1_77' title='bbox 1569 1143 1860 1208; x_wconf 86' lang='lat' dir='ltr'>expressa</span> <span class='ocrx_word' id='word_1_78' title='bbox 1904 1122 2002 1199; x_wconf 92' lang='lat' dir='ltr'>sit,</span> <span class='ocrx_word' id='word_1_79' title='bbox 2044 1121 2419 1208; x_wconf 88' lang='lat' dir='ltr'>quaerimus.</span> 
     </span>
    </p>

    <p class='ocr_par' dir='ltr' id='par_1_4' title="bbox 277 1216 2628 1879">
     <span class='ocr_line' id='line_1_11' title="bbox 440 1216 2624 1304; baseline -0.001 -22"><span class='ocrx_word' id='word_1_80' title='bbox 440 1218 768 1296; x_wconf 90' lang='lat' dir='ltr'>Quorum</span> <span class='ocrx_word' id='word_1_81' title='bbox 813 1217 895 1282; x_wconf 91' lang='lat' dir='ltr'>sit</span> <span class='ocrx_word' id='word_1_82' title='bbox 932 1217 1037 1282; x_wconf 91' lang='lat' dir='ltr'>illa</span> <span class='ocrx_word' id='word_1_83' title='bbox 1079 1218 1173 1296; x_wconf 84' lang='lat' dir='ltr'>lis,</span> <span class='ocrx_word' id='word_1_84' title='bbox 1215 1219 1280 1282; x_wconf 86' lang='lat' dir='ltr'>in</span> <span class='ocrx_word' id='word_1_85' title='bbox 1321 1226 1539 1304; x_wconf 88' lang='lat' dir='ltr'>aperto</span> <span class='ocrx_word' id='word_1_86' title='bbox 1578 1226 1692 1285; x_wconf 90' lang='lat' dir='ltr'>est.</span> <span class='ocrx_word' id='word_1_87' title='bbox 1773 1216 2229 1284; x_wconf 89' lang='lat' dir='ltr'>Eumenides</span> <span class='ocrx_word' id='word_1_88' title='bbox 2271 1217 2436 1283; x_wconf 91' lang='lat' dir='ltr'>enim</span> <span class='ocrx_word' id='word_1_89' title='bbox 2480 1216 2624 1301; x_wconf 89' lang='lat' dir='ltr'>quis</span> 
     </span>
     <span class='ocr_line' id='line_1_12' title="bbox 286 1312 2626 1399; baseline -0 -22"><span class='ocrx_word' id='word_1_90' title='bbox 286 1335 414 1378; x_wconf 89' lang='lat' dir='ltr'>non</span> <span class='ocrx_word' id='word_1_91' title='bbox 466 1313 635 1380; x_wconf 88' lang='lat' dir='ltr'>videt</span> <span class='ocrx_word' id='word_1_92' title='bbox 686 1334 828 1379; x_wconf 91' lang='lat' dir='ltr'>cum</span> <span class='ocrx_word' id='word_1_93' title='bbox 868 1313 1204 1380; x_wconf 88' lang='lat' dir='ltr'>Minerva</span> <span class='ocrx_word' id='word_1_94' title='bbox 1259 1321 1323 1378; x_wconf 91' lang='lat' dir='ltr'>et</span> <span class='ocrx_word' id='word_1_95' title='bbox 1370 1315 1726 1399; x_wconf 86' lang='lat' dir='ltr'>Apolline</span> <span class='ocrx_word' id='word_1_96' title='bbox 1781 1316 2056 1380; x_wconf 78' lang='lat' dir='ltr'>certare?</span> <span class='ocrx_word' id='word_1_97' title='bbox 2136 1312 2451 1379; x_wconf 83' lang='lat' dir='ltr'>Mercurio</span> <span class='ocrx_word' id='word_1_98' title='bbox 2494 1312 2626 1397; x_wconf 86' lang='lat' dir='ltr'>jam</span> 
     </span>
     <span class='ocr_line' id='line_1_13' title="bbox 281 1406 2625 1494; baseline -0.001 -21"><span class='ocrx_word' id='word_1_99' title='bbox 281 1417 460 1474; x_wconf 88' lang='lat' dir='ltr'>antea</span> <span class='ocrx_word' id='word_1_100' title='bbox 515 1410 585 1491; x_wconf 86' lang='lat'>(§.</span> <span class='ocrx_word' id='word_1_101' title='bbox 630 1408 746 1493; x_wconf 88' lang='grc'><strong>10.)</strong></span> <span class='ocrx_word' id='word_1_102' title='bbox 799 1429 943 1473; x_wconf 91' lang='lat' dir='ltr'>suas</span> <span class='ocrx_word' id='word_1_103' title='bbox 966 1464 973 1469; x_wconf 79' lang='lat'>.</span> <span class='ocrx_word' id='word_1_104' title='bbox 997 1416 1205 1494; x_wconf 89' lang='lat' dir='ltr'>partes</span> <span class='ocrx_word' id='word_1_105' title='bbox 1269 1409 1686 1476; x_wconf 79' lang='lat' dir='ltr'>attribuimus.</span> <span class='ocrx_word' id='word_1_106' title='bbox 1765 1415 1822 1475; x_wconf 90' lang='lat' dir='ltr'>A</span> <span class='ocrx_word' id='word_1_107' title='bbox 1872 1410 2151 1477; x_wconf 83' lang='lat' dir='ltr'>Minerva</span> <span class='ocrx_word' id='word_1_108' title='bbox 2199 1430 2344 1475; x_wconf 87' lang='lat' dir='ltr'>vero</span> <span class='ocrx_word' id='word_1_109' title='bbox 2397 1406 2625 1493; x_wconf 84' lang='lat' dir='ltr'>Apollo</span> 
     </span>
     <span class='ocr_line' id='line_1_14' title="bbox 283 1503 2628 1590; baseline -0.001 -22"><span class='ocrx_word' id='word_1_110' title='bbox 283 1504 370 1568; x_wconf 90' lang='lat' dir='ltr'>ita</span> <span class='ocrx_word' id='word_1_111' title='bbox 420 1503 653 1582; x_wconf 82' lang='lat' dir='ltr'>differt,</span> <span class='ocrx_word' id='word_1_112' title='bbox 715 1511 788 1569; x_wconf 89' lang='lat' dir='ltr'>ut</span> <span class='ocrx_word' id='word_1_113' title='bbox 833 1504 1029 1589; x_wconf 88' lang='lat' dir='ltr'>magis</span> <span class='ocrx_word' id='word_1_114' title='bbox 1082 1503 1163 1568; x_wconf 88' lang='lat' dir='ltr'>sit</span> <span class='ocrx_word' id='word_1_115' title='bbox 1209 1526 1403 1590; x_wconf 89' lang='lat' dir='ltr'>penes</span> <span class='ocrx_word' id='word_1_116' title='bbox 1453 1505 1621 1571; x_wconf 89' lang='lat' dir='ltr'>hunc</span> <span class='ocrx_word' id='word_1_117' title='bbox 1673 1513 1924 1572; x_wconf 85' lang='lat' dir='ltr'>exortae</span> <span class='ocrx_word' id='word_1_118' title='bbox 1976 1505 2101 1569; x_wconf 89' lang='lat' dir='ltr'>litis</span> <span class='ocrx_word' id='word_1_119' title='bbox 2154 1525 2371 1583; x_wconf 88' lang='lat' dir='ltr'>causa,</span> <span class='ocrx_word' id='word_1_120' title='bbox 2430 1522 2628 1590; x_wconf 90' lang='lat' dir='ltr'>penes</span> 
     </span>
     <span class='ocr_line' id='line_1_15' title="bbox 277 1598 2625 1687; baseline -0 -25"><span class='ocrx_word' id='word_1_121' title='bbox 277 1598 442 1664; x_wconf 90' lang='lat' dir='ltr'>illam</span> <span class='ocrx_word' id='word_1_122' title='bbox 495 1599 922 1685; x_wconf 82' lang='lat' dir='ltr'>dijudicandae</span> <span class='ocrx_word' id='word_1_123' title='bbox 981 1608 1046 1665; x_wconf 87' lang='lat' dir='ltr'>et</span> <span class='ocrx_word' id='word_1_124' title='bbox 1102 1602 1569 1687; x_wconf 83' lang='lat' dir='ltr'>componendae</span> <span class='ocrx_word' id='word_1_125' title='bbox 1622 1603 1899 1668; x_wconf 85' lang='lat' dir='ltr'>facultas.</span> <span class='ocrx_word' id='word_1_126' title='bbox 1989 1602 2167 1666; x_wconf 91' lang='lat' dir='ltr'>Duos</span> <span class='ocrx_word' id='word_1_127' title='bbox 2227 1621 2373 1667; x_wconf 88' lang='lat' dir='ltr'>vero</span> <span class='ocrx_word' id='word_1_128' title='bbox 2435 1599 2625 1663; x_wconf 91' lang='lat' dir='ltr'>hosce</span> 
     </span>
     <span class='ocr_line' id='line_1_16' title="bbox 279 1693 2626 1784; baseline -0 -25"><span class='ocrx_word' id='word_1_129' title='bbox 279 1695 433 1762; x_wconf 92' lang='lat' dir='ltr'>deos</span> <span class='ocrx_word' id='word_1_130' title='bbox 474 1696 855 1762; x_wconf 89' lang='lat' dir='ltr'>recentiores</span> <span class='ocrx_word' id='word_1_131' title='bbox 898 1697 1358 1782; x_wconf 87' lang='lat' dir='ltr'>quodammodo</span> <span class='ocrx_word' id='word_1_132' title='bbox 1401 1719 1620 1763; x_wconf 91' lang='lat' dir='ltr'>omnes</span> <span class='ocrx_word' id='word_1_133' title='bbox 1648 1703 2116 1784; x_wconf 87' lang='lat' dir='ltr'>repraesentare</span> <span class='ocrx_word' id='word_1_134' title='bbox 2148 1695 2395 1761; x_wconf 88' lang='lat' dir='ltr'>disertis</span> <span class='ocrx_word' id='word_1_135' title='bbox 2428 1693 2626 1774; x_wconf 90' lang='lat' dir='ltr'>ipsius</span> 
     </span>
     <span class='ocr_line' id='line_1_17' title="bbox 279 1789 2020 1879; baseline 0.001 -24"><span class='ocrx_word' id='word_1_136' title='bbox 279 1789 633 1875; x_wconf 85' lang='lat' dir='ltr'>tragoediae</span> <span class='ocrx_word' id='word_1_137' title='bbox 673 1791 1223 1859; x_wconf 83' lang='lat' dir='ltr'>verbis&#39;evincitur</span> <span class='ocrx_word' id='word_1_138' title='bbox 1263 1792 1337 1857; x_wconf 84' lang='lat' dir='ltr'>cf.</span> <span class='ocrx_word' id='word_1_139' title='bbox 1381 1792 1685 1879; x_wconf 90' lang='lat' dir='ltr'>imprimis</span> <span class='ocrx_word' id='word_1_140' title='bbox 1724 1795 1843 1859; x_wconf 91' lang='lat' dir='ltr'>Eu.</span> <span class='ocrx_word' id='word_1_141' title='bbox 1883 1797 2020 1859; x_wconf 83' lang='lat'>731.</span> 
     </span>
    </p>

    <p class='ocr_par' dir='ltr' id='par_1_5' title="bbox 260 1885 2676 4572">
     <span class='ocr_line' id='line_1_18' title="bbox 439 1885 2623 1976; baseline -0.001 -24"><span class='ocrx_word' id='word_1_142' title='bbox 439 1885 643 1952; x_wconf 89' lang='lat' dir='ltr'>Causa</span> <span class='ocrx_word' id='word_1_143' title='bbox 705 1910 893 1975; x_wconf 92' lang='lat' dir='ltr'>quae</span> <span class='ocrx_word' id='word_1_144' title='bbox 957 1888 1067 1966; x_wconf 90' lang='lat' dir='ltr'>sit,</span> <span class='ocrx_word' id='word_1_145' title='bbox 1128 1910 1204 1954; x_wconf 84' lang='lat' dir='ltr'>ex</span> <span class='ocrx_word' id='word_1_146' title='bbox 1267 1888 1401 1954; x_wconf 84' lang='lat' dir='ltr'>aliis</span> <span class='ocrx_word' id='word_1_147' title='bbox 1455 1889 1726 1976; x_wconf 91' lang='lat' dir='ltr'>primum</span> <span class='ocrx_word' id='word_1_148' title='bbox 1779 1888 1926 1956; x_wconf 88' lang='lat' dir='ltr'>viris</span> <span class='ocrx_word' id='word_1_149' title='bbox 1982 1888 2179 1954; x_wconf 92' lang='lat' dir='ltr'>doctis</span> <span class='ocrx_word' id='word_1_150' title='bbox 2231 1907 2623 1974; x_wconf 77' lang='lat' dir='ltr'>quaeramus,</span> 
     </span>
     <span class='ocr_line' id='line_1_19' title="bbox 277 1979 2623 2072; baseline -0.003 -23"><span class='ocrx_word' id='word_1_151' title='bbox 277 1983 704 2049; x_wconf 88' lang='lat' dir='ltr'>Muellerus</span> <span class='ocrx_word' id='word_1_152' title='bbox 757 2005 902 2050; x_wconf 87' lang='lat' dir='ltr'>vero</span> <span class='ocrx_word' id='word_1_153' title='bbox 956 1993 1151 2070; x_wconf 85' lang='lat' dir='ltr'>quum</span> <span class='ocrx_word' id='word_1_154' title='bbox 1203 1984 1266 2049; x_wconf 91' lang='lat' dir='ltr'>id</span> <span class='ocrx_word' id='word_1_155' title='bbox 1313 1986 1710 2067; x_wconf 90' lang='lat' dir='ltr'>potissimum</span> <span class='ocrx_word' id='word_1_156' title='bbox 1759 1993 2000 2072; x_wconf 87' lang='lat' dir='ltr'>ageret,</span> <span class='ocrx_word' id='word_1_157' title='bbox 2058 1992 2131 2050; x_wconf 90' lang='lat' dir='ltr'>ut</span> <span class='ocrx_word' id='word_1_158' title='bbox 2179 1984 2244 2049; x_wconf 90' lang='lat' dir='ltr'>in</span> <span class='ocrx_word' id='word_1_159' title='bbox 2304 1979 2623 2047; x_wconf 84' lang='lat' dir='ltr'>movendis</span> 
     </span>
     <span class='ocr_line' id='line_1_20' title="bbox 276 2077 2621 2168; baseline -0.002 -23"><span class='ocrx_word' id='word_1_160' title='bbox 276 2078 428 2145; x_wconf 87' lang='lat' dir='ltr'>varii</span> <span class='ocrx_word' id='word_1_161' title='bbox 470 2077 658 2144; x_wconf 89' lang='lat' dir='ltr'>animi</span> <span class='ocrx_word' id='word_1_162' title='bbox 700 2078 972 2144; x_wconf 89' lang='lat' dir='ltr'>motibus</span> <span class='ocrx_word' id='word_1_163' title='bbox 1013 2080 1342 2146; x_wconf 86' lang='lat' dir='ltr'>maximam</span> <span class='ocrx_word' id='word_1_164' title='bbox 1383 2089 1607 2168; x_wconf 70' lang='lat' dir='ltr'>poetae</span> <span class='ocrx_word' id='word_1_165' title='bbox 1649 2092 1846 2149; x_wconf 91' lang='lat' dir='ltr'>artem</span> <span class='ocrx_word' id='word_1_166' title='bbox 1888 2081 2154 2167; x_wconf 88' lang='lat' dir='ltr'>positam</span> <span class='ocrx_word' id='word_1_167' title='bbox 2184 2100 2322 2144; x_wconf 88' lang='lat' dir='ltr'>esse</span> <span class='ocrx_word' id='word_1_168' title='bbox 2352 2077 2621 2143; x_wconf 88' lang='lat' dir='ltr'>demon-</span> 
     </span>
     <span class='ocr_line' id='line_1_21' title="bbox 281 2174 2623 2264; baseline -0.002 -23"><span class='ocrx_word' id='word_1_169' title='bbox 281 2181 534 2253; x_wconf 86' lang='lat' dir='ltr'>straret,</span> <span class='ocrx_word' id='word_1_170' title='bbox 586 2195 623 2239; x_wconf 92' lang='lat' dir='ltr'>a</span> <span class='ocrx_word' id='word_1_171' title='bbox 673 2174 729 2241; x_wconf 86' lang='lat' dir='ltr'>vi</span> <span class='ocrx_word' id='word_1_172' title='bbox 780 2175 989 2260; x_wconf 69' lang='lat' dir='ltr'>poesis</span> <span class='ocrx_word' id='word_1_173' title='bbox 1040 2176 1204 2242; x_wconf 89' lang='lat' dir='ltr'>illius</span> <span class='ocrx_word' id='word_1_174' title='bbox 1256 2200 1400 2244; x_wconf 88' lang='lat' dir='ltr'>vera</span> <span class='ocrx_word' id='word_1_175' title='bbox 1449 2178 1878 2264; x_wconf 90' lang='lat' dir='ltr'>cognoscenda</span> <span class='ocrx_word' id='word_1_176' title='bbox 1937 2177 2035 2244; x_wconf 84' lang='lat' dir='ltr'>vix</span> <span class='ocrx_word' id='word_1_177' title='bbox 2095 2176 2326 2241; x_wconf 78' lang='lat' dir='ltr'>dicere‘</span> <span class='ocrx_word' id='word_1_178' title='bbox 2363 2192 2623 2260; x_wconf 86' lang='lat' dir='ltr'>possum</span> 
     </span>
     <span class='ocr_line' id='line_1_22' title="bbox 279 2268 2622 2359; baseline -0.003 -21"><span class='ocrx_word' id='word_1_179' title='bbox 279 2278 580 2359; x_wconf 88' lang='lat' dir='ltr'>quantum</span> <span class='ocrx_word' id='word_1_180' title='bbox 643 2270 925 2337; x_wconf 80' lang='lat' dir='ltr'>abfuerit.</span> <span class='ocrx_word' id='word_1_181' title='bbox 1019 2271 1523 2358; x_wconf 89' lang='lat' dir='ltr'>Psychologicam</span> <span class='ocrx_word' id='word_1_182' title='bbox 1595 2296 1732 2339; x_wconf 88' lang='lat' dir='ltr'>eam</span> <span class='ocrx_word' id='word_1_183' title='bbox 1808 2271 2255 2359; x_wconf 89' lang='lat' dir='ltr'>interpretandi</span> <span class='ocrx_word' id='word_1_184' title='bbox 2315 2268 2622 2335; x_wconf 89' lang='lat' dir='ltr'>rationem</span> 
     </span>
     <span class='ocr_line' id='line_1_23' title="bbox 279 2362 2619 2454; baseline -0.002 -22"><span class='ocrx_word' id='word_1_185' title='bbox 279 2369 400 2433; x_wconf 92' lang='lat' dir='ltr'>iam</span> <span class='ocrx_word' id='word_1_186' title='bbox 428 2374 609 2433; x_wconf 87' lang='lat' dir='ltr'>antea</span> <span class='ocrx_word' id='word_1_187' title='bbox 650 2365 999 2452; x_wconf 89' lang='lat' dir='ltr'>rejecimus.</span> <span class='ocrx_word' id='word_1_188' title='bbox 1068 2369 1399 2436; x_wconf 85' lang='lat' dir='ltr'>Praeterea</span> <span class='ocrx_word' id='word_1_189' title='bbox 1439 2392 1588 2438; x_wconf 87' lang='lat' dir='ltr'>vero</span> <span class='ocrx_word' id='word_1_190' title='bbox 1630 2370 1839 2437; x_wconf 89' lang='lat' dir='ltr'>omnia</span> <span class='ocrx_word' id='word_1_191' title='bbox 1877 2367 2233 2454; x_wconf 89' lang='lat' dir='ltr'>tragoediae</span> <span class='ocrx_word' id='word_1_192' title='bbox 2263 2372 2512 2431; x_wconf 89' lang='lat' dir='ltr'>nostrae</span> <span class='ocrx_word' id='word_1_193' title='bbox 2542 2362 2619 2427; x_wconf 90' lang='lat' dir='ltr'>ad</span> 
     </span>
     <span class='ocr_line' id='line_1_24' title="bbox 277 2463 2624 2551; baseline -0.003 -21"><span class='ocrx_word' id='word_1_194' title='bbox 277 2463 656 2551; x_wconf 90' lang='lat' dir='ltr'>reipublicae</span> <span class='ocrx_word' id='word_1_195' title='bbox 708 2470 938 2529; x_wconf 87' lang='lat' dir='ltr'>statum</span> <span class='ocrx_word' id='word_1_196' title='bbox 987 2465 1096 2550; x_wconf 91' lang='lat' dir='ltr'>qui</span> <span class='ocrx_word' id='word_1_197' title='bbox 1150 2473 1285 2531; x_wconf 90' lang='lat' dir='ltr'>tum</span> <span class='ocrx_word' id='word_1_198' title='bbox 1339 2465 1553 2545; x_wconf 85' lang='lat' dir='ltr'>fuerit,</span> <span class='ocrx_word' id='word_1_199' title='bbox 1616 2467 1703 2531; x_wconf 87' lang='lat' dir='ltr'>ait</span> <span class='ocrx_word' id='word_1_200' title='bbox 1747 2467 1834 2530; x_wconf 85' lang='lat' dir='ltr'>ita</span> <span class='ocrx_word' id='word_1_201' title='bbox 1895 2464 2294 2530; x_wconf 88' lang='lat' dir='ltr'>accomodata</span> <span class='ocrx_word' id='word_1_202' title='bbox 2350 2482 2488 2527; x_wconf 90' lang='lat' dir='ltr'>esse</span> <span class='ocrx_word' id='word_1_203' title='bbox 2551 2464 2624 2525; x_wconf 92' lang='lat' dir='ltr'>ut</span> 
     </span>
     <span class='ocr_line' id='line_1_25' title="bbox 278 2554 2620 2648; baseline -0.004 -21"><span class='ocrx_word' id='word_1_204' title='bbox 278 2582 520 2627; x_wconf 90' lang='lat' dir='ltr'>summa</span> <span class='ocrx_word' id='word_1_205' title='bbox 566 2581 668 2626; x_wconf 91' lang='lat' dir='ltr'>res</span> <span class='ocrx_word' id='word_1_206' title='bbox 710 2560 774 2625; x_wconf 92' lang='lat' dir='ltr'>in</span> <span class='ocrx_word' id='word_1_207' title='bbox 817 2560 941 2625; x_wconf 89' lang='lat' dir='ltr'>fine</span> <span class='ocrx_word' id='word_1_208' title='bbox 984 2560 1060 2626; x_wconf 90' lang='lat' dir='ltr'>ad</span> <span class='ocrx_word' id='word_1_209' title='bbox 1102 2562 1412 2648; x_wconf 87' lang='lat' dir='ltr'>Areopagi</span> <span class='ocrx_word' id='word_1_210' title='bbox 1454 2561 1912 2628; x_wconf 87' lang='lat' dir='ltr'>institutionem</span> <span class='ocrx_word' id='word_1_211' title='bbox 1953 2560 2186 2626; x_wconf 89' lang='lat' dir='ltr'>rediret</span> <span class='ocrx_word' id='word_1_212' title='bbox 2226 2562 2305 2645; x_wconf 87' lang='lat' dir='ltr'>(p.</span> <span class='ocrx_word' id='word_1_213' title='bbox 2328 2564 2465 2624; x_wconf 82' lang='grc'><strong>115.</strong></span> <span class='ocrx_word' id='word_1_214' title='bbox 2487 2554 2620 2641; x_wconf 87' lang='lat' dir='ltr'>sq.).</span> 
     </span>
     <span class='ocr_line' id='line_1_26' title="bbox 277 2656 2620 2746; baseline -0.002 -24"><span class='ocrx_word' id='word_1_215' title='bbox 277 2656 425 2736; x_wconf 88' lang='lat' dir='ltr'>Quo</span> <span class='ocrx_word' id='word_1_216' title='bbox 466 2657 532 2721; x_wconf 92' lang='lat' dir='ltr'>in</span> <span class='ocrx_word' id='word_1_217' title='bbox 575 2656 835 2722; x_wconf 88' lang='lat' dir='ltr'>consilio</span> <span class='ocrx_word' id='word_1_218' title='bbox 878 2659 1247 2742; x_wconf 85' lang='lat' dir='ltr'>exponendo</span> <span class='ocrx_word' id='word_1_219' title='bbox 1288 2659 1750 2746; x_wconf 89' lang='lat' dir='ltr'>Droysenius</span> <span class='ocrx_word' id='word_1_220' title='bbox 1793 2679 2045 2745; x_wconf 92' lang='lat' dir='ltr'>quoque</span> <span class='ocrx_word' id='word_1_221' title='bbox 2088 2658 2323 2723; x_wconf 88' lang='lat' dir='ltr'>diutius</span> <span class='ocrx_word' id='word_1_222' title='bbox 2353 2663 2451 2721; x_wconf 90' lang='lat' dir='ltr'>est</span> <span class='ocrx_word' id='word_1_223' title='bbox 2474 2673 2620 2721; x_wconf 88' lang='lat' dir='ltr'>ver-</span> 
     </span>
     <span class='ocr_line' id='line_1_27' title="bbox 276 2750 2618 2842; baseline -0.002 -25"><span class='ocrx_word' id='word_1_224' title='bbox 276 2759 447 2818; x_wconf 88' lang='lat' dir='ltr'>satus</span> <span class='ocrx_word' id='word_1_225' title='bbox 476 2752 557 2837; x_wconf 86' lang='lat' dir='ltr'>(p.</span> <span class='ocrx_word' id='word_1_226' title='bbox 580 2758 652 2817; x_wconf 88' lang='grc'>31</span> <span class='ocrx_word' id='word_1_227' title='bbox 676 2752 809 2836; x_wconf 87' lang='lat' dir='ltr'>sq.).</span> <span class='ocrx_word' id='word_1_228' title='bbox 889 2753 1028 2817; x_wconf 83' lang='lat' dir='ltr'>Jam</span> <span class='ocrx_word' id='word_1_229' title='bbox 1071 2753 1190 2817; x_wconf 89' lang='lat' dir='ltr'>etsi</span> <span class='ocrx_word' id='word_1_230' title='bbox 1231 2775 1371 2818; x_wconf 89' lang='lat' dir='ltr'>eam</span> <span class='ocrx_word' id='word_1_231' title='bbox 1413 2777 1553 2820; x_wconf 91' lang='lat' dir='ltr'>esse</span> <span class='ocrx_word' id='word_1_232' title='bbox 1596 2756 1726 2820; x_wconf 89' lang='lat' dir='ltr'>scio</span> <span class='ocrx_word' id='word_1_233' title='bbox 1766 2756 2178 2842; x_wconf 84' lang='lat' dir='ltr'>Droysenii</span> <span class='ocrx_word' id='word_1_234' title='bbox 2219 2750 2618 2836; x_wconf 87' lang='lat' dir='ltr'>prudentiam</span> 
     </span>
     <span class='ocr_line' id='line_1_28' title="bbox 274 2845 2618 2936; baseline -0.002 -23"><span class='ocrx_word' id='word_1_235' title='bbox 274 2856 349 2913; x_wconf 90' lang='lat' dir='ltr'>ut</span> <span class='ocrx_word' id='word_1_236' title='bbox 388 2848 549 2912; x_wconf 89' lang='lat' dir='ltr'>bene</span> <span class='ocrx_word' id='word_1_237' title='bbox 591 2847 873 2914; x_wconf 91' lang='lat' dir='ltr'>altiorem</span> <span class='ocrx_word' id='word_1_238' title='bbox 906 2869 1159 2936; x_wconf 87' lang='lat' dir='ltr'>quoque</span> <span class='ocrx_word' id='word_1_239' title='bbox 1199 2870 1362 2935; x_wconf 87' lang='lat' dir='ltr'>quae</span> <span class='ocrx_word' id='word_1_240' title='bbox 1403 2850 1631 2915; x_wconf 85' lang='lat' dir='ltr'>dicitur</span> <span class='ocrx_word' id='word_1_241' title='bbox 1669 2851 1964 2915; x_wconf 86' lang='lat' dir='ltr'>dramatis</span> <span class='ocrx_word' id='word_1_242' title='bbox 2014 2851 2213 2915; x_wconf 88' lang='lat' dir='ltr'>ideam</span> <span class='ocrx_word' id='word_1_243' title='bbox 2262 2845 2618 2934; x_wconf 89' lang='lat' dir='ltr'>perspicere</span> 
     </span>
     <span class='ocr_line' id='line_1_29' title="bbox 274 2941 2617 3033; baseline -0.002 -24"><span class='ocrx_word' id='word_1_244' title='bbox 274 2944 492 3031; x_wconf 86' lang='lat' dir='ltr'>possit,</span> <span class='ocrx_word' id='word_1_245' title='bbox 521 2944 711 3010; x_wconf 85' lang='lat' dir='ltr'>miror</span> <span class='ocrx_word' id='word_1_246' title='bbox 740 2952 967 3024; x_wconf 90' lang='lat' dir='ltr'>tamen,</span> <span class='ocrx_word' id='word_1_247' title='bbox 998 2946 1167 3033; x_wconf 91' lang='lat' dir='ltr'>quod</span> <span class='ocrx_word' id='word_1_248' title='bbox 1198 2953 1324 3010; x_wconf 85' lang='lat' dir='ltr'>tam</span> <span class='ocrx_word' id='word_1_249' title='bbox 1347 2946 1541 3012; x_wconf 84' lang='lat' dir='ltr'>multa</span> <span class='ocrx_word' id='word_1_250' title='bbox 1561 2945 1638 3011; x_wconf 91' lang='lat' dir='ltr'>de</span> <span class='ocrx_word' id='word_1_251' title='bbox 1661 2946 1760 3012; x_wconf 90' lang='lat' dir='ltr'>illa</span> <span class='ocrx_word' id='word_1_252' title='bbox 1783 2945 2035 3032; x_wconf 89' lang='lat' dir='ltr'>politica</span> <span class='ocrx_word' id='word_1_253' title='bbox 2064 2945 2345 3030; x_wconf 89' lang='lat' dir='ltr'>trilogiae</span> <span class='ocrx_word' id='word_1_254' title='bbox 2377 2941 2617 3008; x_wconf 88' lang='lat' dir='ltr'>ratione</span> 
     </span>
     <span class='ocr_line' id='line_1_30' title="bbox 275 3038 2676 3130; baseline -0.001 -26"><span class='ocrx_word' id='word_1_255' title='bbox 275 3040 586 3116; x_wconf 88' lang='lat' dir='ltr'>disseruit,</span> <span class='ocrx_word' id='word_1_256' title='bbox 618 3041 695 3104; x_wconf 93' lang='lat' dir='ltr'>de</span> <span class='ocrx_word' id='word_1_257' title='bbox 725 3041 1019 3107; x_wconf 87' lang='lat' dir='ltr'>interiore</span> <span class='ocrx_word' id='word_1_258' title='bbox 1043 3062 1233 3108; x_wconf 92' lang='lat' dir='ltr'>sensu</span> <span class='ocrx_word' id='word_1_259' title='bbox 1255 3065 1333 3108; x_wconf 93' lang='lat' dir='ltr'>ne</span> <span class='ocrx_word' id='word_1_260' title='bbox 1354 3044 1611 3111; x_wconf 87' lang='lat' dir='ltr'>verbum</span> <span class='ocrx_word' id='word_1_261' title='bbox 1635 3043 1887 3130; x_wconf 88' lang='lat' dir='ltr'>quidem</span> <span class='ocrx_word' id='word_1_262' title='bbox 1909 3043 2161 3108; x_wconf 88' lang='lat' dir='ltr'>addidit.</span> <span class='ocrx_word' id='word_1_263' title='bbox 2213 3042 2426 3120; x_wconf 88' lang='lat' dir='ltr'>Quare</span> <span class='ocrx_word' id='word_1_264' title='bbox 2445 3038 2621 3123; x_wconf 87' lang='lat' dir='ltr'>quod</span> <span class='ocrx_word' id='word_1_265' title='bbox 2667 3047 2676 3051; x_wconf 79' lang='grc'><em>’</em></span> 
     </span>
     <span class='ocr_line' id='line_1_31' title="bbox 275 3135 2617 3223; baseline -0.002 -24"><span class='ocrx_word' id='word_1_266' title='bbox 275 3136 410 3222; x_wconf 86' lang='lat' dir='ltr'>ipse</span> <span class='ocrx_word' id='word_1_267' title='bbox 439 3155 607 3200; x_wconf 90' lang='lat' dir='ltr'>nunc</span> <span class='ocrx_word' id='word_1_268' title='bbox 642 3155 780 3200; x_wconf 90' lang='lat' dir='ltr'>sum</span> <span class='ocrx_word' id='word_1_269' title='bbox 814 3135 1154 3216; x_wconf 81' lang='lat' dir='ltr'>additurus,</span> <span class='ocrx_word' id='word_1_270' title='bbox 1197 3139 1344 3204; x_wconf 91' lang='lat' dir='ltr'>satis</span> <span class='ocrx_word' id='word_1_271' title='bbox 1378 3140 1710 3223; x_wconf 87' lang='lat' dir='ltr'>gauderem</span> <span class='ocrx_word' id='word_1_272' title='bbox 1743 3138 1794 3202; x_wconf 91' lang='lat' dir='ltr'>si</span> <span class='ocrx_word' id='word_1_273' title='bbox 1831 3139 1890 3201; x_wconf 89' lang='lat' dir='ltr'>id</span> <span class='ocrx_word' id='word_1_274' title='bbox 1917 3162 1952 3204; x_wconf 90' lang='lat' dir='ltr'>e</span> <span class='ocrx_word' id='word_1_275' title='bbox 1980 3135 2384 3223; x_wconf 89' lang='lat' dir='ltr'>Droysenii</span> <span class='ocrx_word' id='word_1_276' title='bbox 2406 3140 2617 3198; x_wconf 89' lang='lat' dir='ltr'>mente</span> 
     </span>
     <span class='ocr_line' id='line_1_32' title="bbox 274 3227 2614 3320; baseline -0.002 -23"><span class='ocrx_word' id='word_1_277' title='bbox 274 3231 505 3297; x_wconf 84' lang='lat' dir='ltr'>dixisse</span> <span class='ocrx_word' id='word_1_278' title='bbox 558 3230 816 3298; x_wconf 88' lang='lat' dir='ltr'>viderer.</span> <span class='ocrx_word' id='word_1_279' title='bbox 898 3233 1286 3300; x_wconf 86' lang='lat' dir='ltr'>Praeclaram</span> <span class='ocrx_word' id='word_1_280' title='bbox 1336 3233 1621 3300; x_wconf 89' lang='lat' dir='ltr'>videlicet</span> <span class='ocrx_word' id='word_1_281' title='bbox 1673 3232 1960 3320; x_wconf 83' lang='lat' dir='ltr'>Aeschyli</span> <span class='ocrx_word' id='word_1_282' title='bbox 2004 3241 2199 3298; x_wconf 89' lang='lat' dir='ltr'>artem</span> <span class='ocrx_word' id='word_1_283' title='bbox 2254 3231 2365 3298; x_wconf 92' lang='lat' dir='ltr'>sed</span> <span class='ocrx_word' id='word_1_284' title='bbox 2418 3227 2614 3313; x_wconf 88' lang='lat' dir='ltr'>magis</span> 
     </span>
     <span class='ocr_line' id='line_1_33' title="bbox 275 3328 2616 3417; baseline -0.001 -24"><span class='ocrx_word' id='word_1_285' title='bbox 275 3329 460 3417; x_wconf 86' lang='lat' dir='ltr'>etiam</span> <span class='ocrx_word' id='word_1_286' title='bbox 519 3328 791 3394; x_wconf 86' lang='lat' dir='ltr'>nobilem</span> <span class='ocrx_word' id='word_1_287' title='bbox 844 3329 1016 3395; x_wconf 89' lang='lat' dir='ltr'>illum</span> <span class='ocrx_word' id='word_1_288' title='bbox 1069 3338 1135 3395; x_wconf 91' lang='lat' dir='ltr'>et</span> <span class='ocrx_word' id='word_1_289' title='bbox 1185 3331 1439 3415; x_wconf 87' lang='lat' dir='ltr'>dignum</span> <span class='ocrx_word' id='word_1_290' title='bbox 1491 3329 1864 3416; x_wconf 88' lang='lat' dir='ltr'>philosopho</span> <span class='ocrx_word' id='word_1_291' title='bbox 1904 3329 2180 3394; x_wconf 89' lang='lat' dir='ltr'>animum</span> <span class='ocrx_word' id='word_1_292' title='bbox 2223 3328 2288 3393; x_wconf 90' lang='lat' dir='ltr'>in</span> <span class='ocrx_word' id='word_1_293' title='bbox 2329 3347 2407 3393; x_wconf 90' lang='lat' dir='ltr'>eo</span> <span class='ocrx_word' id='word_1_294' title='bbox 2450 3346 2616 3412; x_wconf 91' lang='lat' dir='ltr'>quo-</span> 
     </span>
     <span class='ocr_line' id='line_1_34' title="bbox 276 3420 2616 3513; baseline -0.002 -24"><span class='ocrx_word' id='word_1_295' title='bbox 276 3445 400 3511; x_wconf 91' lang='lat' dir='ltr'>que</span> <span class='ocrx_word' id='word_1_296' title='bbox 442 3424 821 3507; x_wconf 83' lang='lat' dir='ltr'>admiremur</span> <span class='ocrx_word' id='word_1_297' title='bbox 860 3445 1117 3490; x_wconf 88' lang='lat' dir='ltr'>necesse</span> <span class='ocrx_word' id='word_1_298' title='bbox 1160 3435 1285 3505; x_wconf 92' lang='lat' dir='ltr'>est,</span> <span class='ocrx_word' id='word_1_299' title='bbox 1337 3428 1509 3513; x_wconf 91' lang='lat' dir='ltr'>quod</span> <span class='ocrx_word' id='word_1_300' title='bbox 1560 3449 1736 3492; x_wconf 87' lang='lat' dir='ltr'>suam</span> <span class='ocrx_word' id='word_1_301' title='bbox 1779 3427 1856 3492; x_wconf 91' lang='lat' dir='ltr'>de</span> <span class='ocrx_word' id='word_1_302' title='bbox 1899 3426 2168 3513; x_wconf 89' lang='lat' dir='ltr'>regenda</span> <span class='ocrx_word' id='word_1_303' title='bbox 2212 3424 2485 3500; x_wconf 88' lang='lat' dir='ltr'>civitate,</span> <span class='ocrx_word' id='word_1_304' title='bbox 2539 3420 2616 3486; x_wconf 90' lang='lat' dir='ltr'>de</span> 
     </span>
     <span class='ocr_line' id='line_1_35' title="bbox 273 3516 2615 3608; baseline -0.003 -22"><span class='ocrx_word' id='word_1_305' title='bbox 273 3519 538 3608; x_wconf 85' lang='lat' dir='ltr'>puhlicis</span> <span class='ocrx_word' id='word_1_306' title='bbox 590 3519 891 3586; x_wconf 84' lang='lat' dir='ltr'>institutis</span> <span class='ocrx_word' id='word_1_307' title='bbox 942 3522 1309 3587; x_wconf 88' lang='lat' dir='ltr'>sententiam</span> <span class='ocrx_word' id='word_1_308' title='bbox 1363 3545 1504 3588; x_wconf 89' lang='lat' dir='ltr'>cum</span> <span class='ocrx_word' id='word_1_309' title='bbox 1545 3524 1804 3589; x_wconf 90' lang='lat' dir='ltr'>summis</span> <span class='ocrx_word' id='word_1_310' title='bbox 1845 3525 1923 3589; x_wconf 89' lang='lat' dir='ltr'>de</span> <span class='ocrx_word' id='word_1_311' title='bbox 1965 3524 2155 3588; x_wconf 88' lang='lat' dir='ltr'>rebus</span> <span class='ocrx_word' id='word_1_312' title='bbox 2197 3520 2416 3587; x_wconf 88' lang='lat' dir='ltr'>divinis</span> <span class='ocrx_word' id='word_1_313' title='bbox 2459 3516 2615 3581; x_wconf 89' lang='lat' dir='ltr'>ideis</span> 
     </span>
     <span class='ocr_line' id='line_1_36' title="bbox 274 3615 2614 3701; baseline -0.003 -21"><span class='ocrx_word' id='word_1_314' title='bbox 274 3615 680 3701; x_wconf 85' lang='lat' dir='ltr'>conjunxerit,</span> <span class='ocrx_word' id='word_1_315' title='bbox 723 3617 799 3681; x_wconf 88' lang='lat' dir='ltr'>ad</span> <span class='ocrx_word' id='word_1_316' title='bbox 840 3617 953 3682; x_wconf 93' lang='lat' dir='ltr'>has</span> <span class='ocrx_word' id='word_1_317' title='bbox 995 3618 1203 3684; x_wconf 90' lang='lat' dir='ltr'>omnia</span> <span class='ocrx_word' id='word_1_318' title='bbox 1245 3619 1330 3685; x_wconf 91' lang='lat' dir='ltr'>ita</span> <span class='ocrx_word' id='word_1_319' title='bbox 1371 3620 1671 3698; x_wconf 88' lang='lat' dir='ltr'>retulerit,</span> <span class='ocrx_word' id='word_1_320' title='bbox 1711 3628 1785 3685; x_wconf 89' lang='lat' dir='ltr'>ut</span> <span class='ocrx_word' id='word_1_321' title='bbox 1826 3620 1902 3684; x_wconf 91' lang='lat' dir='ltr'>de</span> <span class='ocrx_word' id='word_1_322' title='bbox 1945 3619 2022 3683; x_wconf 91' lang='lat' dir='ltr'>iis</span> <span class='ocrx_word' id='word_1_323' title='bbox 2062 3618 2156 3684; x_wconf 88' lang='lat' dir='ltr'>vel</span> <span class='ocrx_word' id='word_1_324' title='bbox 2187 3615 2333 3682; x_wconf 90' lang='lat' dir='ltr'>solis</span> <span class='ocrx_word' id='word_1_325' title='bbox 2363 3632 2614 3677; x_wconf 85' lang='lat' dir='ltr'>curasse</span> 
     </span>
     <span class='ocr_line' id='line_1_37' title="bbox 271 3707 2612 3799; baseline -0.002 -22"><span class='ocrx_word' id='word_1_326' title='bbox 271 3710 475 3796; x_wconf 85' lang='lat' dir='ltr'>possit</span> <span class='ocrx_word' id='word_1_327' title='bbox 524 3710 734 3778; x_wconf 89' lang='lat' dir='ltr'>videri.</span> <span class='ocrx_word' id='word_1_328' title='bbox 817 3712 1352 3780; x_wconf 88' lang='lat' dir='ltr'>Animadvertisne</span> <span class='ocrx_word' id='word_1_329' title='bbox 1403 3736 1652 3781; x_wconf 90' lang='lat' dir='ltr'>causam</span> <span class='ocrx_word' id='word_1_330' title='bbox 1706 3716 1968 3780; x_wconf 88' lang='lat' dir='ltr'>deorum</span> <span class='ocrx_word' id='word_1_331' title='bbox 2021 3714 2232 3799; x_wconf 90' lang='lat' dir='ltr'>potius</span> <span class='ocrx_word' id='word_1_332' title='bbox 2287 3731 2474 3797; x_wconf 92' lang='lat' dir='ltr'>quam</span> <span class='ocrx_word' id='word_1_333' title='bbox 2517 3707 2612 3773; x_wconf 89' lang='lat' dir='ltr'>ci—</span> 
     </span>
     <span class='ocr_line' id='line_1_38' title="bbox 270 3805 2613 3895; baseline -0.003 -20"><span class='ocrx_word' id='word_1_334' title='bbox 270 3809 435 3876; x_wconf 85' lang='lat' dir='ltr'>vium</span> <span class='ocrx_word' id='word_1_335' title='bbox 485 3808 585 3874; x_wconf 92' lang='lat' dir='ltr'>hic</span> <span class='ocrx_word' id='word_1_336' title='bbox 637 3808 763 3895; x_wconf 89' lang='lat' dir='ltr'>agi,</span> <span class='ocrx_word' id='word_1_337' title='bbox 816 3809 1108 3887; x_wconf 91' lang='lat' dir='ltr'>deorum,</span> <span class='ocrx_word' id='word_1_338' title='bbox 1155 3832 1281 3875; x_wconf 90' lang='lat' dir='ltr'>non</span> <span class='ocrx_word' id='word_1_339' title='bbox 1335 3811 1558 3878; x_wconf 89' lang='lat' dir='ltr'>civium</span> <span class='ocrx_word' id='word_1_340' title='bbox 1607 3812 1708 3876; x_wconf 88' lang='lat' dir='ltr'>hic</span> <span class='ocrx_word' id='word_1_341' title='bbox 1760 3809 2106 3875; x_wconf 76' lang='lat' dir='ltr'>simultates</span> <span class='ocrx_word' id='word_1_342' title='bbox 2158 3816 2222 3873; x_wconf 92' lang='lat' dir='ltr'>et</span> <span class='ocrx_word' id='word_1_343' title='bbox 2263 3805 2613 3872; x_wconf 85' lang='lat' dir='ltr'>inimicitias</span> 
     </span>
     <span class='ocr_line' id='line_1_39' title="bbox 271 3903 2612 3993; baseline -0.002 -24"><span class='ocrx_word' id='word_1_344' title='bbox 271 3903 622 3969; x_wconf 80' lang='lat' dir='ltr'>conciliari?</span> <span class='ocrx_word' id='word_1_345' title='bbox 705 3906 830 3971; x_wconf 92' lang='lat' dir='ltr'>Sed</span> <span class='ocrx_word' id='word_1_346' title='bbox 880 3913 943 3972; x_wconf 91' lang='lat' dir='ltr'>et</span> <span class='ocrx_word' id='word_1_347' title='bbox 994 3907 1301 3993; x_wconf 88' lang='lat' dir='ltr'>Areopagi</span> <span class='ocrx_word' id='word_1_348' title='bbox 1364 3908 1740 3993; x_wconf 87' lang='lat' dir='ltr'>praeclaram</span> <span class='ocrx_word' id='word_1_349' title='bbox 1797 3906 1959 3970; x_wconf 92' lang='lat' dir='ltr'>illam</span> <span class='ocrx_word' id='word_1_350' title='bbox 2013 3903 2612 3972; x_wconf 87' lang='lat' dir='ltr'>commendationem</span> 
     </span>
     <span class='ocr_line' id='line_1_40' title="bbox 270 3999 2611 4090; baseline -0.002 -24"><span class='ocrx_word' id='word_1_351' title='bbox 270 3999 471 4077; x_wconf 79' lang='lat' dir='ltr'>audiS,</span> <span class='ocrx_word' id='word_1_352' title='bbox 511 3999 941 4088; x_wconf 89' lang='lat' dir='ltr'>libertatisque</span> <span class='ocrx_word' id='word_1_353' title='bbox 992 4003 1232 4088; x_wconf 90' lang='lat' dir='ltr'>legibus</span> <span class='ocrx_word' id='word_1_354' title='bbox 1284 4011 1662 4090; x_wconf 89' lang='lat' dir='ltr'>temperatae</span> <span class='ocrx_word' id='word_1_355' title='bbox 1705 4002 1940 4067; x_wconf 91' lang='lat' dir='ltr'>laudes.</span> <span class='ocrx_word' id='word_1_356' title='bbox 2022 4001 2169 4081; x_wconf 88' lang='lat' dir='ltr'>Quo</span> <span class='ocrx_word' id='word_1_357' title='bbox 2220 4003 2430 4088; x_wconf 90' lang='lat' dir='ltr'>potius</span> <span class='ocrx_word' id='word_1_358' title='bbox 2471 3999 2611 4064; x_wconf 88' lang='lat' dir='ltr'>ani-</span> 
     </span>
     <span class='ocr_line' id='line_1_41' title="bbox 269 4094 2610 4184; baseline -0.002 -23"><span class='ocrx_word' id='word_1_359' title='bbox 269 4117 442 4162; x_wconf 90' lang='lat' dir='ltr'>mum</span> <span class='ocrx_word' id='word_1_360' title='bbox 496 4104 818 4162; x_wconf 88' lang='lat' dir='ltr'>convertas</span> <span class='ocrx_word' id='word_1_361' title='bbox 872 4098 1106 4165; x_wconf 90' lang='lat' dir='ltr'>nescis:</span> <span class='ocrx_word' id='word_1_362' title='bbox 1169 4100 1331 4166; x_wconf 91' lang='lat' dir='ltr'>Sunt</span> <span class='ocrx_word' id='word_1_363' title='bbox 1380 4109 1444 4166; x_wconf 90' lang='lat' dir='ltr'>et</span> <span class='ocrx_word' id='word_1_364' title='bbox 1496 4102 1597 4166; x_wconf 88' lang='lat' dir='ltr'>illa</span> <span class='ocrx_word' id='word_1_365' title='bbox 1646 4098 2000 4184; x_wconf 83' lang='lat' dir='ltr'>gravissima</span> <span class='ocrx_word' id='word_1_366' title='bbox 2052 4106 2115 4163; x_wconf 91' lang='lat' dir='ltr'>et</span> <span class='ocrx_word' id='word_1_367' title='bbox 2167 4099 2320 4164; x_wconf 87' lang='lat' dir='ltr'>baec</span> <span class='ocrx_word' id='word_1_368' title='bbox 2371 4094 2610 4178; x_wconf 88' lang='lat' dir='ltr'>dignis-</span> 
     </span>
     <span class='ocr_line' id='line_1_42' title="bbox 272 4189 2610 4283; baseline -0.001 -26"><span class='ocrx_word' id='word_1_369' title='bbox 272 4191 444 4257; x_wconf 88' lang='lat' dir='ltr'>sima.</span> <span class='ocrx_word' id='word_1_370' title='bbox 527 4196 611 4256; x_wconf 89' lang='lat' dir='ltr'>At</span> <span class='ocrx_word' id='word_1_371' title='bbox 650 4192 907 4259; x_wconf 87' lang='lat' dir='ltr'>habebis</span> <span class='ocrx_word' id='word_1_372' title='bbox 951 4216 1099 4261; x_wconf 88' lang='lat' dir='ltr'>sane</span> <span class='ocrx_word' id='word_1_373' title='bbox 1141 4196 1436 4262; x_wconf 88' lang='lat' dir='ltr'>idoneum</span> <span class='ocrx_word' id='word_1_374' title='bbox 1480 4197 1650 4283; x_wconf 91' lang='lat' dir='ltr'>quod</span> <span class='ocrx_word' id='word_1_375' title='bbox 1692 4194 1972 4282; x_wconf 88' lang='lat' dir='ltr'>sequaris</span> <span class='ocrx_word' id='word_1_376' title='bbox 2015 4194 2369 4269; x_wconf 89' lang='lat' dir='ltr'>consilium,</span> <span class='ocrx_word' id='word_1_377' title='bbox 2413 4189 2463 4253; x_wconf 92' lang='lat' dir='ltr'>si</span> <span class='ocrx_word' id='word_1_378' title='bbox 2506 4195 2610 4254; x_wconf 90' lang='lat' dir='ltr'>to-</span> 
     </span>
     <span class='ocr_line' id='line_1_43' title="bbox 267 4284 2610 4374; baseline -0.002 -21"><span class='ocrx_word' id='word_1_379' title='bbox 267 4297 401 4355; x_wconf 88' lang='lat' dir='ltr'>tum</span> <span class='ocrx_word' id='word_1_380' title='bbox 445 4296 666 4374; x_wconf 76' lang='lat' dir='ltr'>poetae</span> <span class='ocrx_word' id='word_1_381' title='bbox 708 4297 772 4354; x_wconf 92' lang='lat' dir='ltr'>te</span> <span class='ocrx_word' id='word_1_382' title='bbox 814 4290 1076 4356; x_wconf 83' lang='lat' dir='ltr'>dederiS.</span> <span class='ocrx_word' id='word_1_383' title='bbox 1145 4294 1305 4359; x_wconf 87' lang='lat' dir='ltr'>Tum</span> <span class='ocrx_word' id='word_1_384' title='bbox 1347 4292 1502 4357; x_wconf 90' lang='lat' dir='ltr'>haec</span> <span class='ocrx_word' id='word_1_385' title='bbox 1544 4291 1620 4356; x_wconf 92' lang='lat' dir='ltr'>ab</span> <span class='ocrx_word' id='word_1_386' title='bbox 1663 4291 1781 4356; x_wconf 89' lang='lat' dir='ltr'>illis</span> <span class='ocrx_word' id='word_1_387' title='bbox 1824 4314 1949 4357; x_wconf 89' lang='lat' dir='ltr'>non</span> <span class='ocrx_word' id='word_1_388' title='bbox 1990 4298 2125 4357; x_wconf 91' lang='lat' dir='ltr'>toto</span> <span class='ocrx_word' id='word_1_389' title='bbox 2154 4288 2329 4353; x_wconf 92' lang='lat' dir='ltr'>coelo</span> <span class='ocrx_word' id='word_1_390' title='bbox 2367 4284 2610 4351; x_wconf 85' lang='lat' dir='ltr'>differre</span> 
     </span>
     <span class='ocr_line' id='line_1_44' title="bbox 260 4381 2609 4476; baseline -0.003 -24"><span class='ocrx_word' id='word_1_391' title='bbox 260 4385 378 4452; x_wconf 84' lang='lat' dir='ltr'>sed</span> <span class='ocrx_word' id='word_1_392' title='bbox 421 4407 615 4452; x_wconf 91' lang='lat' dir='ltr'>unum</span> <span class='ocrx_word' id='word_1_393' title='bbox 658 4385 962 4472; x_wconf 88' lang='lat' dir='ltr'>intelliges</span> <span class='ocrx_word' id='word_1_394' title='bbox 1004 4409 1142 4452; x_wconf 92' lang='lat' dir='ltr'>esse</span> <span class='ocrx_word' id='word_1_395' title='bbox 1183 4388 1495 4473; x_wconf 91' lang='lat' dir='ltr'>idemque.</span> <span class='ocrx_word' id='word_1_396' title='bbox 1575 4389 1690 4453; x_wconf 91' lang='lat' dir='ltr'>Est</span> <span class='ocrx_word' id='word_1_397' title='bbox 1729 4388 2029 4476; x_wconf 86' lang='lat' dir='ltr'>profect0‚</span> <span class='ocrx_word' id='word_1_398' title='bbox 2069 4384 2159 4449; x_wconf 87' lang='lat' dir='ltr'>uti</span> <span class='ocrx_word' id='word_1_399' title='bbox 2199 4383 2275 4446; x_wconf 89' lang='lat' dir='ltr'>ab</span> <span class='ocrx_word' id='word_1_400' title='bbox 2303 4381 2609 4469; x_wconf 82' lang='lat' dir='ltr'>Aeschylo</span> 
     </span>
     <span class='ocr_line' id='line_1_45' title="bbox 269 4478 2611 4572; baseline -0.001 -27"><span class='ocrx_word' id='word_1_401' title='bbox 269 4481 592 4561; x_wconf 88' lang='lat' dir='ltr'>docemur,</span> <span class='ocrx_word' id='word_1_402' title='bbox 647 4483 883 4551; x_wconf 90' lang='lat' dir='ltr'>nullum</span> <span class='ocrx_word' id='word_1_403' title='bbox 936 4483 1165 4552; x_wconf 87' lang='lat' dir='ltr'>arctius</span> <span class='ocrx_word' id='word_1_404' title='bbox 1215 4482 1553 4564; x_wconf 88' lang='lat' dir='ltr'>vinculum,</span> <span class='ocrx_word' id='word_1_405' title='bbox 1606 4505 1791 4572; x_wconf 89' lang='lat' dir='ltr'>quam</span> <span class='ocrx_word' id='word_1_406' title='bbox 1843 4504 1969 4569; x_wconf 90' lang='lat' dir='ltr'>quo</span> <span class='ocrx_word' id='word_1_407' title='bbox 2010 4478 2330 4546; x_wconf 89' lang='lat' dir='ltr'>hominum</span> <span class='ocrx_word' id='word_1_408' title='bbox 2371 4478 2507 4546; x_wconf 87' lang='lat' dir='ltr'>iura</span> <span class='ocrx_word' id='word_1_409' title='bbox 2547 4486 2611 4544; x_wconf 80' lang='lat' dir='ltr'>et</span> 
     </span>
    </p>
   </div>
  </div>
 </body>
</html>
