<?xml version="1.0" encoding="UTF-8"?>
<!DOCTYPE html PUBLIC "-//W3C//DTD XHTML 1.0 Transitional//EN"
    "http://www.w3.org/TR/xhtml1/DTD/xhtml1-transitional.dtd">
<html xmlns="http://www.w3.org/1999/xhtml" xml:lang="en" lang="en">
 <head>
  <title>
</title>
<meta http-equiv="Content-Type" content="text/html;charset=utf-8" />
  <meta name='ocr-system' content='tesseract 3.04.00' />
  <meta name='ocr-capabilities' content='ocr_page ocr_carea ocr_par ocr_line ocrx_word'/>
</head>
<body>
  <div class='ocr_page' id='page_1' title='image "./dererumdivinaru00haymgoog_0039.png"; bbox 0 0 2978 4869; ppageno 0'>
   <div class='ocr_carea' id='block_1_1' title="bbox 1243 203 1681 270">
    <p class='ocr_par' dir='ltr' id='par_1_1' title="bbox 1243 203 1681 270">
     <span class='ocr_line' id='line_1_1' title="bbox 1243 203 1681 270; baseline -0.016 -14"><span class='ocrx_word' id='word_1_1' title='bbox 1243 203 1681 270; x_wconf 78' lang='lat'><strong>...31-</strong></span> 
     </span>
    </p>
   </div>
   <div class='ocr_carea' id='block_1_2' title="bbox 262 370 2625 1790">
    <p class='ocr_par' dir='ltr' id='par_1_2' title="bbox 287 370 2621 541">
     <span class='ocr_line' id='line_1_2' title="bbox 287 370 2621 459; baseline -0.004 -13"><span class='ocrx_word' id='word_1_2' title='bbox 287 380 432 446; x_wconf 89' lang='lat' dir='ltr'><strong>dem</strong></span> <span class='ocrx_word' id='word_1_3' title='bbox 475 396 776 445; x_wconf 88' lang='lat' dir='ltr'><strong>summam</strong></span> <span class='ocrx_word' id='word_1_4' title='bbox 818 375 955 441; x_wconf 87' lang='lat' dir='ltr'><strong>sine</strong></span> <span class='ocrx_word' id='word_1_5' title='bbox 997 374 1265 442; x_wconf 84' lang='lat' dir='ltr'><strong>fictionis</strong></span> <span class='ocrx_word' id='word_1_6' title='bbox 1308 373 1590 459; x_wconf 71' lang='lat' dir='ltr'><strong>poeticae</strong></span> <span class='ocrx_word' id='word_1_7' title='bbox 1633 370 1980 438; x_wconf 85' lang='lat' dir='ltr'><strong>constantia</strong></span> <span class='ocrx_word' id='word_1_8' title='bbox 2019 370 2239 437; x_wconf 86' lang='lat' dir='ltr'><strong>adesse</strong></span> <span class='ocrx_word' id='word_1_9' title='bbox 2277 388 2466 456; x_wconf 62' lang='lat' dir='ltr'><strong>‘posse</strong></span> <span class='ocrx_word' id='word_1_10' title='bbox 2507 391 2621 457; x_wconf 86' lang='lat' dir='ltr'><strong>pro</strong></span> 
     </span>
     <span class='ocr_line' id='line_1_3' title="bbox 290 474 823 541; baseline -0.008 0"><span class='ocrx_word' id='word_1_11' title='bbox 290 482 466 541; x_wconf 82' lang='lat' dir='ltr'><strong>certo</strong></span> <span class='ocrx_word' id='word_1_12' title='bbox 506 474 823 538; x_wconf 88' lang='lat' dir='ltr'><strong>habemus.</strong></span> 
     </span>
    </p>

    <p class='ocr_par' dir='ltr' id='par_1_3' title="bbox 262 561 2625 1790">
     <span class='ocr_line' id='line_1_4' title="bbox 448 561 2623 649; baseline -0.004 -15"><span class='ocrx_word' id='word_1_13' title='bbox 448 572 680 635; x_wconf 86' lang='lat' dir='ltr'><strong>Verum</strong></span> <span class='ocrx_word' id='word_1_14' title='bbox 712 568 1028 635; x_wconf 81' lang='lat' dir='ltr'><strong>enimvero</strong></span> <span class='ocrx_word' id='word_1_15' title='bbox 1070 567 1135 631; x_wconf 89' lang='lat' dir='ltr'><strong>in</strong></span> <span class='ocrx_word' id='word_1_16' title='bbox 1176 572 1350 631; x_wconf 87' lang='lat' dir='ltr'><strong>tanto</strong></span> <span class='ocrx_word' id='word_1_17' title='bbox 1382 585 1594 630; x_wconf 89' lang='lat' dir='ltr'><strong>rerum</strong></span> <span class='ocrx_word' id='word_1_18' title='bbox 1624 562 1978 630; x_wconf 74' lang='lat' dir='ltr'><strong>discrimine</strong></span> <span class='ocrx_word' id='word_1_19' title='bbox 2020 582 2183 649; x_wconf 90' lang='lat' dir='ltr'><strong>quae</strong></span> <span class='ocrx_word' id='word_1_20' title='bbox 2214 561 2463 628; x_wconf 87' lang='lat' dir='ltr'><strong>tandem</strong></span> <span class='ocrx_word' id='word_1_21' title='bbox 2506 582 2623 646; x_wconf 91' lang='lat' dir='ltr'><strong>pa-</strong></span> 
     </span>
     <span class='ocr_line' id='line_1_5' title="bbox 286 656 2619 743; baseline -0.004 -12"><span class='ocrx_word' id='word_1_22' title='bbox 286 674 380 731; x_wconf 86' lang='lat' dir='ltr'><strong>tet</strong></span> <span class='ocrx_word' id='word_1_23' title='bbox 430 665 646 732; x_wconf 90' lang='lat' dir='ltr'><strong>salutis</strong></span> <span class='ocrx_word' id='word_1_24' title='bbox 706 663 845 731; x_wconf 74' lang='lat' dir='ltr'><strong>via?</strong></span> <span class='ocrx_word' id='word_1_25' title='bbox 925 661 1166 728; x_wconf 79' lang='lat' dir='ltr'><strong>Suntne</strong></span> <span class='ocrx_word' id='word_1_26' title='bbox 1225 659 1393 727; x_wconf 82' lang='lat' dir='ltr'><strong>visae</strong></span> <span class='ocrx_word' id='word_1_27' title='bbox 1441 660 1668 725; x_wconf 88' lang='lat' dir='ltr'><strong>Furiae</strong></span> <span class='ocrx_word' id='word_1_28' title='bbox 1731 659 1796 724; x_wconf 91' lang='lat' dir='ltr'><strong>in</strong></span> <span class='ocrx_word' id='word_1_29' title='bbox 1849 658 1972 724; x_wconf 86' lang='lat' dir='ltr'><strong>fine</strong></span> <span class='ocrx_word' id='word_1_30' title='bbox 2014 656 2289 743; x_wconf 78' lang='lat' dir='ltr'><strong>Cho‘eph.</strong></span> <span class='ocrx_word' id='word_1_31' title='bbox 2354 678 2432 722; x_wconf 91' lang='lat' dir='ltr'><strong>an</strong></span> <span class='ocrx_word' id='word_1_32' title='bbox 2493 677 2619 721; x_wconf 89' lang='lat' dir='ltr'><strong>non</strong></span> 
     </span>
     <span class='ocr_line' id='line_1_6' title="bbox 262 751 2622 845; baseline -0.004 -19"><span class='ocrx_word' id='word_1_33' title='bbox 262 763 473 827; x_wconf 62' lang='lat' dir='ltr'><strong>“sumi</strong></span> <span class='ocrx_word' id='word_1_34' title='bbox 552 759 649 825; x_wconf 80' lang='lat' dir='ltr'><strong>Ad</strong></span> <span class='ocrx_word' id='word_1_35' title='bbox 693 779 855 845; x_wconf 91' lang='lat' dir='ltr'><strong>quae</strong></span> <span class='ocrx_word' id='word_1_36' title='bbox 890 757 1021 843; x_wconf 87' lang='lat' dir='ltr'><strong>jam</strong></span> <span class='ocrx_word' id='word_1_37' title='bbox 1061 778 1248 842; x_wconf 88' lang='lat' dir='ltr'><strong>posse</strong></span> <span class='ocrx_word' id='word_1_38' title='bbox 1298 763 1453 842; x_wconf 88' lang='lat' dir='ltr'><strong>puto</strong></span> <span class='ocrx_word' id='word_1_39' title='bbox 1496 754 1950 841; x_wconf 77' lang='lat' dir='ltr'><strong>simplicissime</strong></span> <span class='ocrx_word' id='word_1_40' title='bbox 1992 753 2373 836; x_wconf 86' lang='lat' dir='ltr'><strong>responderi.</strong></span> <span class='ocrx_word' id='word_1_41' title='bbox 2454 751 2622 818; x_wconf 88' lang='lat' dir='ltr'><strong>Ore-</strong></span> 
     </span>
     <span class='ocr_line' id='line_1_7' title="bbox 286 848 2624 935; baseline -0.004 -13"><span class='ocrx_word' id='word_1_42' title='bbox 286 864 417 922; x_wconf 86' lang='lat' dir='ltr'><strong>stes</strong></span> <span class='ocrx_word' id='word_1_43' title='bbox 458 876 562 921; x_wconf 90' lang='lat' dir='ltr'><strong>eas</strong></span> <span class='ocrx_word' id='word_1_44' title='bbox 604 854 772 933; x_wconf 91' lang='lat' dir='ltr'><strong>vidit,</strong></span> <span class='ocrx_word' id='word_1_45' title='bbox 814 854 1042 921; x_wconf 89' lang='lat' dir='ltr'><strong>chorus</strong></span> <span class='ocrx_word' id='word_1_46' title='bbox 1082 874 1210 918; x_wconf 93' lang='lat' dir='ltr'><strong>non</strong></span> <span class='ocrx_word' id='word_1_47' title='bbox 1238 852 1404 930; x_wconf 87' lang='lat' dir='ltr'><strong>vidit,</strong></span> <span class='ocrx_word' id='word_1_48' title='bbox 1445 850 1756 917; x_wconf 80' lang='lat' dir='ltr'><strong>theatrum</strong></span> <span class='ocrx_word' id='word_1_49' title='bbox 1798 870 1925 914; x_wconf 91' lang='lat' dir='ltr'><strong>non</strong></span> <span class='ocrx_word' id='word_1_50' title='bbox 1963 849 2131 918; x_wconf 86' lang='lat' dir='ltr'><strong>vidit.</strong></span> <span class='ocrx_word' id='word_1_51' title='bbox 2194 848 2264 913; x_wconf 90' lang='lat' dir='ltr'><strong>Id</strong></span> <span class='ocrx_word' id='word_1_52' title='bbox 2308 848 2624 935; x_wconf 87' lang='lat' dir='ltr'><strong>quomodo</strong></span> 
     </span>
     <span class='ocr_line' id='line_1_8' title="bbox 288 943 2624 1037; baseline -0.004 -21"><span class='ocrx_word' id='word_1_53' title='bbox 288 952 421 1018; x_wconf 87' lang='lat' dir='ltr'><strong>fieri</strong></span> <span class='ocrx_word' id='word_1_54' title='bbox 462 950 759 1037; x_wconf 85' lang='lat' dir='ltr'><strong>potuerit,</strong></span> <span class='ocrx_word' id='word_1_55' title='bbox 802 949 1090 1036; x_wconf 81' lang='lat' dir='ltr'><strong>quaeris?</strong></span> <span class='ocrx_word' id='word_1_56' title='bbox 1129 951 1365 1016; x_wconf 92' lang='lat' dir='ltr'><strong>Locum</strong></span> <span class='ocrx_word' id='word_1_57' title='bbox 1403 967 1629 1013; x_wconf 86' lang='lat' dir='ltr'><strong>censeo</strong></span> <span class='ocrx_word' id='word_1_58' title='bbox 1669 952 1779 1011; x_wconf 90' lang='lat' dir='ltr'><strong>aut</strong></span> <span class='ocrx_word' id='word_1_59' title='bbox 1819 945 2011 1030; x_wconf 84' lang='lat' dir='ltr'><strong>digito</strong></span> <span class='ocrx_word' id='word_1_60' title='bbox 2052 952 2160 1011; x_wconf 89' lang='lat' dir='ltr'><strong>aut</strong></span> <span class='ocrx_word' id='word_1_61' title='bbox 2200 944 2395 1010; x_wconf 90' lang='lat' dir='ltr'><strong>oculis</strong></span> <span class='ocrx_word' id='word_1_62' title='bbox 2435 943 2624 1008; x_wconf 89' lang='lat' dir='ltr'><strong>modo</strong></span> 
     </span>
     <span class='ocr_line' id='line_1_9' title="bbox 285 1040 2625 1131; baseline -0.004 -17"><span class='ocrx_word' id='word_1_63' title='bbox 285 1047 549 1114; x_wconf 79' lang='lat' dir='ltr'><strong>Orestes</strong></span> <span class='ocrx_word' id='word_1_64' title='bbox 591 1045 910 1123; x_wconf 87' lang='lat' dir='ltr'><strong>indicavit,</strong></span> <span class='ocrx_word' id='word_1_65' title='bbox 957 1065 1086 1131; x_wconf 90' lang='lat' dir='ltr'><strong>quo</strong></span> <span class='ocrx_word' id='word_1_66' title='bbox 1137 1043 1271 1130; x_wconf 90' lang='lat' dir='ltr'><strong>ipse</strong></span> <span class='ocrx_word' id='word_1_67' title='bbox 1313 1044 1535 1109; x_wconf 88' lang='lat' dir='ltr'><strong>Furias</strong></span> <span class='ocrx_word' id='word_1_68' title='bbox 1587 1040 1928 1126; x_wconf 81' lang='lat' dir='ltr'><strong>conspexit.</strong></span> <span class='ocrx_word' id='word_1_69' title='bbox 2010 1041 2193 1106; x_wconf 83' lang='lat' dir='ltr'><strong>Hunc</strong></span> <span class='ocrx_word' id='word_1_70' title='bbox 2243 1040 2449 1105; x_wconf 92' lang='lat' dir='ltr'><strong>locum</strong></span> <span class='ocrx_word' id='word_1_71' title='bbox 2489 1041 2540 1104; x_wconf 90' lang='lat' dir='ltr'><strong>F</strong></span> <span class='ocrx_word' id='word_1_72' title='bbox 2542 1061 2625 1105; x_wconf 91' lang='lat' dir='ltr'><strong>u-</strong></span> 
     </span>
     <span class='ocr_line' id='line_1_10' title="bbox 284 1136 2623 1229; baseline -0.003 -21"><span class='ocrx_word' id='word_1_73' title='bbox 284 1142 536 1229; x_wconf 89' lang='lat' dir='ltr'><strong>riasque</strong></span> <span class='ocrx_word' id='word_1_74' title='bbox 577 1141 665 1208; x_wconf 89' lang='lat' dir='ltr'><strong>ibi</strong></span> <span class='ocrx_word' id='word_1_75' title='bbox 693 1140 1057 1207; x_wconf 84' lang='lat' dir='ltr'><strong>constitutas</strong></span> <span class='ocrx_word' id='word_1_76' title='bbox 1086 1146 1471 1225; x_wconf 78' lang='lat' dir='ltr'><strong>spectatores</strong></span> <span class='ocrx_word' id='word_1_77' title='bbox 1513 1138 1711 1204; x_wconf 87' lang='lat' dir='ltr'><strong>oculis</strong></span> <span class='ocrx_word' id='word_1_78' title='bbox 1752 1136 2054 1221; x_wconf 87' lang='lat' dir='ltr'><strong>attingere</strong></span> <span class='ocrx_word' id='word_1_79' title='bbox 2096 1156 2223 1200; x_wconf 96' lang='lat' dir='ltr'><strong>non</strong></span> <span class='ocrx_word' id='word_1_80' title='bbox 2250 1143 2623 1221; x_wconf 87' lang='lat' dir='ltr'><strong>potuerunt:</strong></span> 
     </span>
     <span class='ocr_line' id='line_1_11' title="bbox 284 1231 2624 1323; baseline -0.003 -20"><span class='ocrx_word' id='word_1_81' title='bbox 284 1246 384 1304; x_wconf 85' lang='lat' dir='ltr'><strong>est</strong></span> <span class='ocrx_word' id='word_1_82' title='bbox 430 1238 596 1303; x_wconf 90' lang='lat' dir='ltr'><strong>enim</strong></span> <span class='ocrx_word' id='word_1_83' title='bbox 657 1244 801 1323; x_wconf 89' lang='lat' dir='ltr'><strong>post</strong></span> <span class='ocrx_word' id='word_1_84' title='bbox 861 1256 1112 1301; x_wconf 82' lang='lat' dir='ltr'><strong>scenam</strong></span> <span class='ocrx_word' id='word_1_85' title='bbox 1162 1234 1593 1320; x_wconf 84' lang='lat' dir='ltr'><strong>accipiendus;</strong></span> <span class='ocrx_word' id='word_1_86' title='bbox 1655 1231 1882 1298; x_wconf 89' lang='lat' dir='ltr'><strong>chorus</strong></span> <span class='ocrx_word' id='word_1_87' title='bbox 1939 1238 2152 1297; x_wconf 82' lang='lat' dir='ltr'><strong>utrum</strong></span> <span class='ocrx_word' id='word_1_88' title='bbox 2201 1252 2280 1296; x_wconf 86' lang='lat' dir='ltr'><strong>ex</strong></span> <span class='ocrx_word' id='word_1_89' title='bbox 2329 1231 2624 1317; x_wconf 91' lang='lat' dir='ltr'><strong>opinione</strong></span> 
     </span>
     <span class='ocr_line' id='line_1_12' title="bbox 282 1327 2621 1418; baseline -0.002 -21"><span class='ocrx_word' id='word_1_90' title='bbox 282 1341 702 1418; x_wconf 86' lang='lat' dir='ltr'><strong>spectatorum</strong></span> <span class='ocrx_word' id='word_1_91' title='bbox 745 1353 890 1396; x_wconf 90' lang='lat' dir='ltr'><strong>eum</strong></span> <span class='ocrx_word' id='word_1_92' title='bbox 933 1329 1184 1416; x_wconf 84' lang='lat' dir='ltr'><strong>assequi</strong></span> <span class='ocrx_word' id='word_1_93' title='bbox 1228 1330 1505 1414; x_wconf 88' lang='lat' dir='ltr'><strong>potuerit</strong></span> <span class='ocrx_word' id='word_1_94' title='bbox 1543 1350 1771 1406; x_wconf 88' lang='lat' dir='ltr'><strong>necne,</strong></span> <span class='ocrx_word' id='word_1_95' title='bbox 1813 1327 1877 1392; x_wconf 92' lang='lat' dir='ltr'><strong>in</strong></span> <span class='ocrx_word' id='word_1_96' title='bbox 1919 1347 2226 1412; x_wconf 86' lang='lat' dir='ltr'><strong>suspenso</strong></span> <span class='ocrx_word' id='word_1_97' title='bbox 2267 1334 2382 1392; x_wconf 89' lang='lat' dir='ltr'><strong>est.</strong></span> <span class='ocrx_word' id='word_1_98' title='bbox 2462 1328 2621 1396; x_wconf 92' lang='lat' dir='ltr'><strong>Nam</strong></span> 
     </span>
     <span class='ocr_line' id='line_1_13' title="bbox 283 1421 2623 1510; baseline -0.003 -15"><span class='ocrx_word' id='word_1_99' title='bbox 283 1428 506 1495; x_wconf 89' lang='lat' dir='ltr'><strong>eodem</strong></span> <span class='ocrx_word' id='word_1_100' title='bbox 549 1427 685 1493; x_wconf 90' lang='lat' dir='ltr'><strong>iure</strong></span> <span class='ocrx_word' id='word_1_101' title='bbox 734 1432 844 1492; x_wconf 88' lang='lat' dir='ltr'><strong>aut</strong></span> <span class='ocrx_word' id='word_1_102' title='bbox 890 1425 1013 1490; x_wconf 91' lang='lat' dir='ltr'><strong>loci</strong></span> <span class='ocrx_word' id='word_1_103' title='bbox 1054 1424 1415 1491; x_wconf 85' lang='lat' dir='ltr'><strong>difficultate</strong></span> <span class='ocrx_word' id='word_1_104' title='bbox 1458 1424 1796 1510; x_wconf 85' lang='lat' dir='ltr'><strong>quominus</strong></span> <span class='ocrx_word' id='word_1_105' title='bbox 1836 1424 2055 1491; x_wconf 87' lang='lat' dir='ltr'><strong>Furias</strong></span> <span class='ocrx_word' id='word_1_106' title='bbox 2107 1421 2367 1501; x_wconf 88' lang='lat' dir='ltr'><strong>videret,</strong></span> <span class='ocrx_word' id='word_1_107' title='bbox 2420 1431 2528 1489; x_wconf 86' lang='lat' dir='ltr'><strong>aut</strong></span> <span class='ocrx_word' id='word_1_108' title='bbox 2565 1423 2623 1489; x_wconf 83' lang='lat' dir='ltr'><strong>vi</strong></span> 
     </span>
     <span class='ocr_line' id='line_1_14' title="bbox 284 1518 2625 1610; baseline -0.003 -21"><span class='ocrx_word' id='word_1_109' title='bbox 284 1523 552 1610; x_wconf 90' lang='lat' dir='ltr'><strong>quadam</strong></span> <span class='ocrx_word' id='word_1_110' title='bbox 594 1522 796 1589; x_wconf 87' lang='lat' dir='ltr'><strong>divina</strong></span> <span class='ocrx_word' id='word_1_111' title='bbox 835 1520 1094 1587; x_wconf 87' lang='lat' dir='ltr'><strong>chorum</strong></span> <span class='ocrx_word' id='word_1_112' title='bbox 1136 1520 1504 1601; x_wconf 87' lang='lat' dir='ltr'><strong>impeditum</strong></span> <span class='ocrx_word' id='word_1_113' title='bbox 1545 1518 1737 1585; x_wconf 80' lang='lat' dir='ltr'><strong>fuisse</strong></span> <span class='ocrx_word' id='word_1_114' title='bbox 1780 1518 2133 1584; x_wconf 87' lang='lat' dir='ltr'><strong>contendes.</strong></span> <span class='ocrx_word' id='word_1_115' title='bbox 2215 1520 2297 1584; x_wconf 89' lang='lat' dir='ltr'><strong>Ut</strong></span> <span class='ocrx_word' id='word_1_116' title='bbox 2336 1519 2625 1584; x_wconf 84' lang='lat' dir='ltr'><strong>adessent</strong></span> 
     </span>
     <span class='ocr_line' id='line_1_15' title="bbox 278 1613 2623 1704; baseline -0.003 -19"><span class='ocrx_word' id='word_1_117' title='bbox 278 1620 421 1686; x_wconf 90' lang='lat' dir='ltr'><strong>loco</strong></span> <span class='ocrx_word' id='word_1_118' title='bbox 463 1619 583 1685; x_wconf 86' lang='lat' dir='ltr'><strong>isto</strong></span> <span class='ocrx_word' id='word_1_119' title='bbox 624 1625 767 1704; x_wconf 86' lang='lat' dir='ltr'><strong>post</strong></span> <span class='ocrx_word' id='word_1_120' title='bbox 808 1638 1057 1684; x_wconf 84' lang='lat' dir='ltr'><strong>scenam</strong></span> <span class='ocrx_word' id='word_1_121' title='bbox 1098 1616 1305 1703; x_wconf 89' lang='lat' dir='ltr'><strong>posito</strong></span> <span class='ocrx_word' id='word_1_122' title='bbox 1333 1615 1664 1682; x_wconf 87' lang='lat' dir='ltr'><strong>Furiarum</strong></span> <span class='ocrx_word' id='word_1_123' title='bbox 1690 1634 1999 1695; x_wconf 87' lang='lat' dir='ltr'><strong>personae</strong></span> <span class='ocrx_word' id='word_1_124' title='bbox 2042 1634 2168 1680; x_wconf 92' lang='lat' dir='ltr'><strong>non</strong></span> <span class='ocrx_word' id='word_1_125' title='bbox 2211 1633 2369 1699; x_wconf 92' lang='lat' dir='ltr'><strong>opus</strong></span> <span class='ocrx_word' id='word_1_126' title='bbox 2410 1613 2623 1691; x_wconf 79' lang='lat' dir='ltr'><strong>fuisse,</strong></span> 
     </span>
     <span class='ocr_line' id='line_1_16' title="bbox 283 1708 2621 1790; baseline -0.003 -10"><span class='ocrx_word' id='word_1_127' title='bbox 283 1716 397 1780; x_wconf 86' lang='lat' dir='ltr'><strong>sed</strong></span> <span class='ocrx_word' id='word_1_128' title='bbox 435 1713 754 1780; x_wconf 88' lang='lat' dir='ltr'><strong>histrionis</strong></span> <span class='ocrx_word' id='word_1_129' title='bbox 795 1721 1019 1790; x_wconf 89' lang='lat' dir='ltr'><strong>artem,</strong></span> <span class='ocrx_word' id='word_1_130' title='bbox 1070 1733 1137 1776; x_wconf 91' lang='lat' dir='ltr'><strong>se</strong></span> <span class='ocrx_word' id='word_1_131' title='bbox 1184 1712 1391 1779; x_wconf 87' lang='lat' dir='ltr'><strong>videre</strong></span> <span class='ocrx_word' id='word_1_132' title='bbox 1435 1709 1782 1775; x_wconf 87' lang='lat' dir='ltr'><strong>simulantis</strong></span> <span class='ocrx_word' id='word_1_133' title='bbox 1825 1708 2173 1786; x_wconf 81' lang='lat' dir='ltr'><strong>suffecisse,</strong></span> <span class='ocrx_word' id='word_1_134' title='bbox 2221 1708 2321 1774; x_wconf 85' lang='lat' dir='ltr'><strong>vix</strong></span> <span class='ocrx_word' id='word_1_135' title='bbox 2363 1729 2621 1774; x_wconf 89' lang='lat' dir='ltr'><strong>necesse</strong></span> 
     </span>
    </p>
   </div>
   <div class='ocr_carea' id='block_1_3' title="bbox 285 1816 701 1875">
    <p class='ocr_par' dir='ltr' id='par_1_4' title="bbox 285 1816 701 1875">
     <span class='ocr_line' id='line_1_17' title="bbox 285 1816 701 1875; baseline -0.002 -2"><span class='ocrx_word' id='word_1_136' title='bbox 285 1816 385 1875; x_wconf 87' lang='lat' dir='ltr'><strong>est</strong></span> <span class='ocrx_word' id='word_1_137' title='bbox 429 1828 701 1875; x_wconf 89' lang='lat' dir='ltr'><strong>monere.</strong></span> 
     </span>
    </p>
   </div>
   <div class='ocr_carea' id='block_1_4' title="bbox 1380 1970 1534 2048">
    <p class='ocr_par' dir='ltr' id='par_1_5' title="bbox 1380 1970 1534 2048">
     <span class='ocr_line' id='line_1_18' title="bbox 1380 1970 1534 2048; baseline -0.013 -17"><span class='ocrx_word' id='word_1_138' title='bbox 1380 1970 1436 2048; x_wconf 68' lang='lat' dir='ltr'><strong>g,</strong></span> <span class='ocrx_word' id='word_1_139' title='bbox 1477 1972 1534 2032; x_wconf 78' lang='lat' dir='ltr'><strong>s.</strong></span> 
     </span>
    </p>
   </div>
   <div class='ocr_carea' id='block_1_5' title="bbox 275 2094 2709 3900">
    <p class='ocr_par' dir='ltr' id='par_1_6' title="bbox 277 2094 2621 3212">
     <span class='ocr_line' id='line_1_19' title="bbox 444 2094 2621 2182; baseline 0.001 -22"><span class='ocrx_word' id='word_1_140' title='bbox 444 2097 562 2182; x_wconf 72' lang='lat' dir='ltr'>(IL)</span> <span class='ocrx_word' id='word_1_141' title='bbox 603 2104 661 2162; x_wconf 80' lang='grc'><strong>2.</strong></span> <span class='ocrx_word' id='word_1_142' title='bbox 740 2097 879 2163; x_wconf 79' lang='lat' dir='ltr'><strong>Jam</strong></span> <span class='ocrx_word' id='word_1_143' title='bbox 919 2116 1051 2182; x_wconf 48' lang='lat' dir='ltr'><strong>pro¹</strong></span> <span class='ocrx_word' id='word_1_144' title='bbox 1073 2098 1165 2162; x_wconf 90' lang='lat' dir='ltr'><strong>rei</strong></span> <span class='ocrx_word' id='word_1_145' title='bbox 1205 2097 1587 2163; x_wconf 84' lang='lat' dir='ltr'><strong>obscuritate</strong></span> <span class='ocrx_word' id='word_1_146' title='bbox 1630 2094 1779 2161; x_wconf 87' lang='lat' dir='ltr'><strong>satis</strong></span> <span class='ocrx_word' id='word_1_147' title='bbox 1822 2094 2084 2179; x_wconf 81' lang='lat' dir='ltr'><strong>cognita,</strong></span> <span class='ocrx_word' id='word_1_148' title='bbox 2124 2101 2198 2161; x_wconf 87' lang='lat' dir='ltr'><strong>ut</strong></span> <span class='ocrx_word' id='word_1_149' title='bbox 2237 2115 2440 2181; x_wconf 89' lang='lat' dir='ltr'><strong>spero,</strong></span> <span class='ocrx_word' id='word_1_150' title='bbox 2481 2096 2621 2182; x_wconf 92' lang='lat' dir='ltr'><strong>pla-</strong></span> 
     </span>
     <span class='ocr_line' id='line_1_20' title="bbox 284 2189 2621 2278; baseline -0 -20"><span class='ocrx_word' id='word_1_151' title='bbox 284 2193 438 2259; x_wconf 82' lang='lat' dir='ltr'><strong>stica</strong></span> <span class='ocrx_word' id='word_1_152' title='bbox 479 2200 701 2278; x_wconf 76' lang='lat' dir='ltr'><strong>poetae</strong></span> <span class='ocrx_word' id='word_1_153' title='bbox 742 2200 874 2258; x_wconf 87' lang='lat' dir='ltr'><strong>arte</strong></span> <span class='ocrx_word' id='word_1_154' title='bbox 917 2192 1160 2278; x_wconf 80' lang='lat' dir='ltr'><strong>quade</strong></span> <span class='ocrx_word' id='word_1_155' title='bbox 1203 2193 1380 2258; x_wconf 88' lang='lat' dir='ltr'><strong>coelo</strong></span> <span class='ocrx_word' id='word_1_156' title='bbox 1427 2192 1496 2255; x_wconf 89' lang='lat' dir='ltr'><strong>in</strong></span> <span class='ocrx_word' id='word_1_157' title='bbox 1537 2211 1785 2255; x_wconf 88' lang='lat' dir='ltr'><strong>scenam</strong></span> <span class='ocrx_word' id='word_1_158' title='bbox 1828 2190 1981 2255; x_wconf 89' lang='lat' dir='ltr'><strong>deos</strong></span> <span class='ocrx_word' id='word_1_159' title='bbox 2020 2189 2285 2268; x_wconf 86' lang='lat' dir='ltr'><strong>vocavit,</strong></span> <span class='ocrx_word' id='word_1_160' title='bbox 2339 2191 2415 2256; x_wconf 88' lang='lat' dir='ltr'><strong>ad</strong></span> <span class='ocrx_word' id='word_1_161' title='bbox 2456 2190 2621 2257; x_wconf 87' lang='lat' dir='ltr'><strong>illam</strong></span> 
     </span>
     <span class='ocr_line' id='line_1_21' title="bbox 280 2284 2621 2374; baseline -0 -21"><span class='ocrx_word' id='word_1_162' title='bbox 280 2288 647 2365; x_wconf 89' lang='lat' dir='ltr'><strong>transimus,</strong></span> <span class='ocrx_word' id='word_1_163' title='bbox 696 2287 774 2352; x_wconf 88' lang='lat' dir='ltr'><strong>de</strong></span> <span class='ocrx_word' id='word_1_164' title='bbox 817 2308 942 2374; x_wconf 90' lang='lat' dir='ltr'><strong>qua</strong></span> <span class='ocrx_word' id='word_1_165' title='bbox 990 2308 1068 2351; x_wconf 91' lang='lat' dir='ltr'><strong>ex</strong></span> <span class='ocrx_word' id='word_1_166' title='bbox 1118 2287 1450 2371; x_wconf 82' lang='lat' dir='ltr'><strong>tragoediis</strong></span> <span class='ocrx_word' id='word_1_167' title='bbox 1505 2284 1945 2370; x_wconf 86' lang='lat' dir='ltr'><strong>superstitibus</strong></span> <span class='ocrx_word' id='word_1_168' title='bbox 1989 2284 2267 2372; x_wconf 86' lang='lat' dir='ltr'><strong>judicare</strong></span> <span class='ocrx_word' id='word_1_169' title='bbox 2308 2289 2504 2373; x_wconf 90' lang='lat' dir='ltr'><strong>magis</strong></span> <span class='ocrx_word' id='word_1_170' title='bbox 2556 2288 2621 2353; x_wconf 90' lang='lat' dir='ltr'><strong>in</strong></span> 
     </span>
     <span class='ocr_line' id='line_1_22' title="bbox 281 2380 2619 2470; baseline -0.001 -21"><span class='ocrx_word' id='word_1_171' title='bbox 281 2390 577 2470; x_wconf 88' lang='lat' dir='ltr'><strong>promptu</strong></span> <span class='ocrx_word' id='word_1_172' title='bbox 618 2390 746 2460; x_wconf 89' lang='lat' dir='ltr'><strong>est,</strong></span> <span class='ocrx_word' id='word_1_173' title='bbox 798 2402 983 2468; x_wconf 88' lang='lat' dir='ltr'><strong>quam</strong></span> <span class='ocrx_word' id='word_1_174' title='bbox 1027 2381 1256 2468; x_wconf 89' lang='lat' dir='ltr'><strong>largius</strong></span> <span class='ocrx_word' id='word_1_175' title='bbox 1299 2402 1487 2468; x_wconf 90' lang='lat' dir='ltr'><strong>supra</strong></span> <span class='ocrx_word' id='word_1_176' title='bbox 1513 2380 1997 2466; x_wconf 70' lang='lat' dir='ltr'><strong>explicavimus»,</strong></span> <span class='ocrx_word' id='word_1_177' title='bbox 2048 2381 2312 2466; x_wconf 90' lang='lat' dir='ltr'><strong>positam</strong></span> <span class='ocrx_word' id='word_1_178' title='bbox 2367 2403 2504 2449; x_wconf 91' lang='lat' dir='ltr'><strong>eam</strong></span> <span class='ocrx_word' id='word_1_179' title='bbox 2555 2383 2619 2448; x_wconf 89' lang='lat' dir='ltr'><strong>in</strong></span> 
     </span>
     <span class='ocr_line' id='line_1_23' title="bbox 280 2476 2619 2562; baseline 0 -19"><span class='ocrx_word' id='word_1_180' title='bbox 280 2478 479 2547; x_wconf 71' lang='lat' dir='ltr'><strong>forma</strong></span> <span class='ocrx_word' id='word_1_181' title='bbox 519 2499 728 2544; x_wconf 90' lang='lat' dir='ltr'><strong>rerum</strong></span> <span class='ocrx_word' id='word_1_182' title='bbox 770 2477 1130 2557; x_wconf 89' lang='lat' dir='ltr'><strong>dramatica,</strong></span> <span class='ocrx_word' id='word_1_183' title='bbox 1182 2485 1247 2543; x_wconf 89' lang='lat' dir='ltr'><strong>et</strong></span> <span class='ocrx_word' id='word_1_184' title='bbox 1295 2478 1360 2543; x_wconf 90' lang='lat' dir='ltr'><strong>in</strong></span> <span class='ocrx_word' id='word_1_185' title='bbox 1409 2476 1795 2562; x_wconf 88' lang='lat' dir='ltr'><strong>trilogiarum</strong></span> <span class='ocrx_word' id='word_1_186' title='bbox 1846 2483 1910 2540; x_wconf 91' lang='lat' dir='ltr'><strong>et</strong></span> <span class='ocrx_word' id='word_1_187' title='bbox 1958 2476 2022 2541; x_wconf 91' lang='lat' dir='ltr'><strong>in</strong></span> <span class='ocrx_word' id='word_1_188' title='bbox 2066 2476 2446 2560; x_wconf 90' lang='lat' dir='ltr'><strong>singularum</strong></span> <span class='ocrx_word' id='word_1_189' title='bbox 2487 2486 2619 2543; x_wconf 87' lang='lat' dir='ltr'><strong>tra-</strong></span> 
     </span>
     <span class='ocr_line' id='line_1_24' title="bbox 280 2570 2621 2661; baseline -0.001 -20"><span class='ocrx_word' id='word_1_190' title='bbox 280 2575 641 2661; x_wconf 88' lang='lat' dir='ltr'><strong>goediarum</strong></span> <span class='ocrx_word' id='word_1_191' title='bbox 682 2572 1135 2660; x_wconf 86' lang='lat' dir='ltr'><strong>compositione</strong></span> <span class='ocrx_word' id='word_1_192' title='bbox 1177 2573 1597 2660; x_wconf 88' lang='lat' dir='ltr'><strong>conspicuam.</strong></span> <span class='ocrx_word' id='word_1_193' title='bbox 1678 2573 1851 2637; x_wconf 89' lang='lat' dir='ltr'><strong>Haec</strong></span> <span class='ocrx_word' id='word_1_194' title='bbox 1897 2571 2026 2657; x_wconf 85' lang='lat' dir='ltr'><strong>jam</strong></span> <span class='ocrx_word' id='word_1_195' title='bbox 2067 2570 2263 2638; x_wconf 80' lang='lat' dir='ltr'><strong>forma</strong></span> <span class='ocrx_word' id='word_1_196' title='bbox 2304 2575 2621 2659; x_wconf 86' lang='lat' dir='ltr'><strong>quomodo</strong></span> 
     </span>
     <span class='ocr_line' id='line_1_25' title="bbox 279 2667 2620 2756; baseline 0.001 -22"><span class='ocrx_word' id='word_1_197' title='bbox 279 2690 422 2736; x_wconf 88' lang='lat' dir='ltr'><strong>cum</strong></span> <span class='ocrx_word' id='word_1_198' title='bbox 473 2670 607 2735; x_wconf 88' lang='lat' dir='ltr'><strong>deis</strong></span> <span class='ocrx_word' id='word_1_199' title='bbox 656 2669 883 2755; x_wconf 88' lang='lat' dir='ltr'><strong>egerit,</strong></span> <span class='ocrx_word' id='word_1_200' title='bbox 942 2668 1273 2736; x_wconf 89' lang='lat' dir='ltr'><strong>videndum</strong></span> <span class='ocrx_word' id='word_1_201' title='bbox 1322 2677 1438 2735; x_wconf 87' lang='lat' dir='ltr'><strong>est.</strong></span> <span class='ocrx_word' id='word_1_202' title='bbox 1521 2668 1648 2734; x_wconf 89' lang='lat' dir='ltr'><strong>Sed</strong></span> <span class='ocrx_word' id='word_1_203' title='bbox 1709 2689 1837 2754; x_wconf 91' lang='lat' dir='ltr'><strong>quo</strong></span> <span class='ocrx_word' id='word_1_204' title='bbox 1889 2667 2074 2733; x_wconf 88' lang='lat' dir='ltr'><strong>latius</strong></span> <span class='ocrx_word' id='word_1_205' title='bbox 2133 2667 2285 2734; x_wconf 90' lang='lat' dir='ltr'><strong>haec</strong></span> <span class='ocrx_word' id='word_1_206' title='bbox 2334 2671 2620 2756; x_wconf 86' lang='lat' dir='ltr'><strong>quaestio</strong></span> 
     </span>
     <span class='ocr_line' id='line_1_26' title="bbox 277 2763 2621 2852; baseline -0 -20"><span class='ocrx_word' id='word_1_207' title='bbox 277 2773 469 2852; x_wconf 87' lang='lat' dir='ltr'><strong>patet,</strong></span> <span class='ocrx_word' id='word_1_208' title='bbox 513 2786 591 2831; x_wconf 89' lang='lat' dir='ltr'><strong>eo</strong></span> <span class='ocrx_word' id='word_1_209' title='bbox 633 2765 841 2830; x_wconf 90' lang='lat' dir='ltr'><strong>minus</strong></span> <span class='ocrx_word' id='word_1_210' title='bbox 880 2784 1009 2828; x_wconf 92' lang='lat' dir='ltr'><strong>uno</strong></span> <span class='ocrx_word' id='word_1_211' title='bbox 1052 2765 1229 2848; x_wconf 90' lang='lat' dir='ltr'><strong>quasi</strong></span> <span class='ocrx_word' id='word_1_212' title='bbox 1268 2763 1562 2849; x_wconf 88' lang='lat' dir='ltr'><strong>amplexu</strong></span> <span class='ocrx_word' id='word_1_213' title='bbox 1598 2772 1729 2829; x_wconf 86' lang='lat' dir='ltr'><strong>tota</strong></span> <span class='ocrx_word' id='word_1_214' title='bbox 1771 2771 1978 2849; x_wconf 87' lang='lat' dir='ltr'><strong>potest</strong></span> <span class='ocrx_word' id='word_1_215' title='bbox 2016 2765 2230 2829; x_wconf 86' lang='lat' dir='ltr'><strong>teneri.</strong></span> <span class='ocrx_word' id='word_1_216' title='bbox 2311 2767 2472 2830; x_wconf 92' lang='lat' dir='ltr'><strong>Tum</strong></span> <span class='ocrx_word' id='word_1_217' title='bbox 2514 2787 2621 2831; x_wconf 89' lang='lat' dir='ltr'><strong>re-</strong></span> 
     </span>
     <span class='ocr_line' id='line_1_27' title="bbox 278 2858 2620 2937; baseline -0.001 -10"><span class='ocrx_word' id='word_1_218' title='bbox 278 2882 419 2927; x_wconf 89' lang='lat' dir='ltr'><strong>rum</strong></span> <span class='ocrx_word' id='word_1_219' title='bbox 471 2860 840 2937; x_wconf 87' lang='lat' dir='ltr'><strong>divinarum,</strong></span> <span class='ocrx_word' id='word_1_220' title='bbox 901 2866 1035 2924; x_wconf 89' lang='lat' dir='ltr'><strong>tum</strong></span> <span class='ocrx_word' id='word_1_221' title='bbox 1085 2858 1250 2924; x_wconf 89' lang='lat' dir='ltr'><strong>illius</strong></span> <span class='ocrx_word' id='word_1_222' title='bbox 1297 2858 1533 2924; x_wconf 87' lang='lat' dir='ltr'><strong>formae</strong></span> <span class='ocrx_word' id='word_1_223' title='bbox 1584 2858 1794 2924; x_wconf 86' lang='lat' dir='ltr'><strong>habita</strong></span> <span class='ocrx_word' id='word_1_224' title='bbox 1841 2858 2081 2923; x_wconf 89' lang='lat' dir='ltr'><strong>ratione</strong></span> <span class='ocrx_word' id='word_1_225' title='bbox 2132 2866 2260 2924; x_wconf 84' lang='lat' dir='ltr'><strong>tres</strong></span> <span class='ocrx_word' id='word_1_226' title='bbox 2310 2860 2620 2926; x_wconf 83' lang='lat' dir='ltr'><strong>exsistunt</strong></span> 
     </span>
     <span class='ocr_line' id='line_1_28' title="bbox 278 2953 2619 3043; baseline 0 -22"><span class='ocrx_word' id='word_1_227' title='bbox 278 2955 663 3043; x_wconf 87' lang='lat' dir='ltr'><strong>quaestionis</strong></span> <span class='ocrx_word' id='word_1_228' title='bbox 715 2954 852 3043; x_wconf 83' lang='lat' dir='ltr'><strong>ejus</strong></span> <span class='ocrx_word' id='word_1_229' title='bbox 894 2955 1022 3022; x_wconf 88' lang='lat' dir='ltr'><strong>sive</strong></span> <span class='ocrx_word' id='word_1_230' title='bbox 1064 2963 1271 3040; x_wconf 87' lang='lat' dir='ltr'><strong>partes</strong></span> <span class='ocrx_word' id='word_1_231' title='bbox 1313 2954 1440 3022; x_wconf 87' lang='lat' dir='ltr'><strong>sive</strong></span> <span class='ocrx_word' id='word_1_232' title='bbox 1482 2954 1739 3039; x_wconf 86' lang='lat' dir='ltr'><strong>gradus,</strong></span> <span class='ocrx_word' id='word_1_233' title='bbox 1790 2953 2018 3040; x_wconf 90' lang='lat' dir='ltr'><strong>quibus</strong></span> <span class='ocrx_word' id='word_1_234' title='bbox 2070 2954 2324 3019; x_wconf 91' lang='lat' dir='ltr'><strong>demum</strong></span> <span class='ocrx_word' id='word_1_235' title='bbox 2371 2963 2619 3036; x_wconf 88' lang='lat' dir='ltr'><strong>pertra-</strong></span> 
     </span>
     <span class='ocr_line' id='line_1_29' title="bbox 281 3048 2618 3136; baseline 0.001 -20"><span class='ocrx_word' id='word_1_236' title='bbox 281 3051 464 3116; x_wconf 83' lang='lat' dir='ltr'><strong>ctatis</strong></span> <span class='ocrx_word' id='word_1_237' title='bbox 528 3071 777 3115; x_wconf 90' lang='lat' dir='ltr'><strong>omnem</strong></span> <span class='ocrx_word' id='word_1_238' title='bbox 838 3070 954 3114; x_wconf 88' lang='lat' dir='ltr'><strong>nos</strong></span> <span class='ocrx_word' id='word_1_239' title='bbox 1014 3051 1335 3116; x_wconf 86' lang='lat' dir='ltr'><strong>materiem</strong></span> <span class='ocrx_word' id='word_1_240' title='bbox 1400 3048 1759 3116; x_wconf 83' lang='lat' dir='ltr'><strong>exhausisse</strong></span> <span class='ocrx_word' id='word_1_241' title='bbox 1810 3049 2189 3135; x_wconf 88' lang='lat' dir='ltr'><strong>persuadere</strong></span> <span class='ocrx_word' id='word_1_242' title='bbox 2248 3051 2432 3118; x_wconf 92' lang='lat' dir='ltr'><strong>nobis</strong></span> <span class='ocrx_word' id='word_1_243' title='bbox 2495 3073 2618 3136; x_wconf 89' lang='lat' dir='ltr'><strong>po-</strong></span> 
     </span>
     <span class='ocr_line' id='line_1_30' title="bbox 278 3146 674 3212; baseline -0.005 0"><span class='ocrx_word' id='word_1_244' title='bbox 278 3146 557 3212; x_wconf 86' lang='lat' dir='ltr'><strong>terimus.</strong></span> <span class='ocrx_word' id='word_1_245' title='bbox 599 3182 674 3193; x_wconf 89' lang='lat'>—</span> 
     </span>
    </p>

    <p class='ocr_par' dir='ltr' id='par_1_7' title="bbox 275 3238 2709 3900">
     <span class='ocr_line' id='line_1_31' title="bbox 438 3238 2620 3327; baseline 0 -19"><span class='ocrx_word' id='word_1_246' title='bbox 438 3241 720 3308; x_wconf 86' lang='lat' dir='ltr'><strong>Vidimus</strong></span> <span class='ocrx_word' id='word_1_247' title='bbox 772 3240 939 3308; x_wconf 88' lang='lat' dir='ltr'><strong>enim</strong></span> <span class='ocrx_word' id='word_1_248' title='bbox 988 3242 1080 3307; x_wconf 90' lang='lat' dir='ltr'><strong>uti</strong></span> <span class='ocrx_word' id='word_1_249' title='bbox 1131 3242 1197 3306; x_wconf 89' lang='lat' dir='ltr'><strong>in</strong></span> <span class='ocrx_word' id='word_1_250' title='bbox 1238 3242 1440 3327; x_wconf 79' lang='lat' dir='ltr'><strong>calyce</strong></span> <span class='ocrx_word' id='word_1_251' title='bbox 1481 3241 1730 3318; x_wconf 87' lang='lat' dir='ltr'><strong>florem,</strong></span> <span class='ocrx_word' id='word_1_252' title='bbox 1780 3239 1866 3305; x_wconf 89' lang='lat' dir='ltr'><strong>ita</strong></span> <span class='ocrx_word' id='word_1_253' title='bbox 1917 3238 1981 3303; x_wconf 92' lang='lat' dir='ltr'><strong>in</strong></span> <span class='ocrx_word' id='word_1_254' title='bbox 2031 3238 2202 3305; x_wconf 89' lang='lat' dir='ltr'><strong>chori</strong></span> <span class='ocrx_word' id='word_1_255' title='bbox 2244 3239 2620 3311; x_wconf 85' lang='lat' dir='ltr'><strong>carminibus</strong></span> 
     </span>
     <span class='ocr_line' id='line_1_32' title="bbox 276 3335 2617 3421; baseline 0.001 -19"><span class='ocrx_word' id='word_1_256' title='bbox 276 3337 585 3403; x_wconf 88' lang='lat' dir='ltr'><strong>actionem</strong></span> <span class='ocrx_word' id='word_1_257' title='bbox 636 3336 1030 3403; x_wconf 87' lang='lat' dir='ltr'><strong>dramaticam</strong></span> <span class='ocrx_word' id='word_1_258' title='bbox 1080 3337 1383 3402; x_wconf 89' lang='lat' dir='ltr'><strong>inclusam</strong></span> <span class='ocrx_word' id='word_1_259' title='bbox 1430 3335 1649 3402; x_wconf 90' lang='lat' dir='ltr'><strong>teneri.</strong></span> <span class='ocrx_word' id='word_1_260' title='bbox 1738 3337 1953 3420; x_wconf 88' lang='lat' dir='ltr'><strong>ltaque</strong></span> <span class='ocrx_word' id='word_1_261' title='bbox 2012 3356 2174 3421; x_wconf 88' lang='lat' dir='ltr'><strong>quae</strong></span> <span class='ocrx_word' id='word_1_262' title='bbox 2226 3336 2307 3401; x_wconf 90' lang='lat' dir='ltr'><strong>sit</strong></span> <span class='ocrx_word' id='word_1_263' title='bbox 2355 3337 2617 3404; x_wconf 89' lang='lat' dir='ltr'><strong>deorum</strong></span> 
     </span>
     <span class='ocr_line' id='line_1_33' title="bbox 277 3432 2709 3520; baseline 0.001 -23"><span class='ocrx_word' id='word_1_264' title='bbox 277 3454 422 3517; x_wconf 87' lang='lat' dir='ltr'><strong>erga</strong></span> <span class='ocrx_word' id='word_1_265' title='bbox 473 3432 729 3497; x_wconf 88' lang='lat' dir='ltr'><strong>chorum</strong></span> <span class='ocrx_word' id='word_1_266' title='bbox 771 3432 1074 3510; x_wconf 88' lang='lat' dir='ltr'><strong>conditio,</strong></span> <span class='ocrx_word' id='word_1_267' title='bbox 1126 3432 1438 3514; x_wconf 88' lang='lat' dir='ltr'><strong>primum</strong></span> <span class='ocrx_word' id='word_1_268' title='bbox 1489 3451 1891 3517; x_wconf 82' lang='lat' dir='ltr'><strong>exponamus.</strong></span> <span class='ocrx_word' id='word_1_269' title='bbox 1931 3467 2013 3477; x_wconf 95' lang='lat'><strong>—</strong></span> <span class='ocrx_word' id='word_1_270' title='bbox 2052 3432 2428 3520; x_wconf 88' lang='lat' dir='ltr'><strong>Deinceps</strong></span> <span class='ocrx_word' id='word_1_271' title='bbox 2477 3454 2616 3499; x_wconf 87' lang='lat' dir='ltr'><strong>eam</strong></span> <span class='ocrx_word' id='word_1_272' title='bbox 2705 3453 2709 3458; x_wconf 87' lang='lat'>·</span> 
     </span>
     <span class='ocr_line' id='line_1_34' title="bbox 276 3526 2616 3613; baseline 0 -20"><span class='ocrx_word' id='word_1_273' title='bbox 276 3526 705 3613; x_wconf 82' lang='lat' dir='ltr'><strong>aggrediamur</strong></span> <span class='ocrx_word' id='word_1_274' title='bbox 745 3527 1007 3594; x_wconf 88' lang='lat' dir='ltr'><strong>deorum</strong></span> <span class='ocrx_word' id='word_1_275' title='bbox 1050 3549 1190 3594; x_wconf 90' lang='lat' dir='ltr'><strong>cum</strong></span> <span class='ocrx_word' id='word_1_276' title='bbox 1232 3527 1431 3593; x_wconf 87' lang='lat' dir='ltr'><strong>forma</strong></span> <span class='ocrx_word' id='word_1_277' title='bbox 1472 3527 1806 3592; x_wconf 89' lang='lat' dir='ltr'><strong>dramatica</strong></span> <span class='ocrx_word' id='word_1_278' title='bbox 1833 3527 2268 3593; x_wconf 83' lang='lat' dir='ltr'><strong>necessitatem</strong></span> <span class='ocrx_word' id='word_1_279' title='bbox 2310 3528 2616 3613; x_wconf 88' lang='lat' dir='ltr'><strong>explicare</strong></span> 
     </span>
     <span class='ocr_line' id='line_1_35' title="bbox 276 3622 2615 3711; baseline -0 -21"><span class='ocrx_word' id='word_1_280' title='bbox 276 3645 403 3709; x_wconf 92' lang='lat' dir='ltr'><strong>qua</strong></span> <span class='ocrx_word' id='word_1_281' title='bbox 442 3623 505 3687; x_wconf 91' lang='lat' dir='ltr'><strong>hi</strong></span> <span class='ocrx_word' id='word_1_282' title='bbox 546 3624 896 3708; x_wconf 88' lang='lat' dir='ltr'><strong>pertineant</strong></span> <span class='ocrx_word' id='word_1_283' title='bbox 937 3624 1397 3711; x_wconf 87' lang='lat' dir='ltr'><strong>quodammodo</strong></span> <span class='ocrx_word' id='word_1_284' title='bbox 1437 3623 1517 3689; x_wconf 87' lang='lat' dir='ltr'><strong>ad</strong></span> <span class='ocrx_word' id='word_1_285' title='bbox 1558 3622 1864 3688; x_wconf 88' lang='lat' dir='ltr'><strong>actionem</strong></span> <span class='ocrx_word' id='word_1_286' title='bbox 1906 3622 2220 3700; x_wconf 86' lang='lat' dir='ltr'><strong>dramatis,</strong></span> <span class='ocrx_word' id='word_1_287' title='bbox 2262 3623 2346 3688; x_wconf 90' lang='lat' dir='ltr'><strong>ita</strong></span> <span class='ocrx_word' id='word_1_288' title='bbox 2385 3632 2615 3704; x_wconf 86' lang='lat' dir='ltr'><strong>tamen,</strong></span> 
     </span>
     <span class='ocr_line' id='line_1_36' title="bbox 275 3717 2614 3807; baseline 0.002 -24"><span class='ocrx_word' id='word_1_289' title='bbox 275 3726 348 3784; x_wconf 90' lang='lat' dir='ltr'><strong>ut</strong></span> <span class='ocrx_word' id='word_1_290' title='bbox 386 3738 514 3783; x_wconf 90' lang='lat' dir='ltr'><strong>non</strong></span> <span class='ocrx_word' id='word_1_291' title='bbox 553 3725 683 3783; x_wconf 89' lang='lat' dir='ltr'><strong>tota</strong></span> <span class='ocrx_word' id='word_1_292' title='bbox 724 3717 877 3784; x_wconf 89' lang='lat' dir='ltr'><strong>haec</strong></span> <span class='ocrx_word' id='word_1_293' title='bbox 917 3740 1035 3804; x_wconf 85' lang='lat' dir='ltr'><strong>per.</strong></span> <span class='ocrx_word' id='word_1_294' title='bbox 1071 3719 1208 3784; x_wconf 85' lang='lat' dir='ltr'><strong>illos</strong></span> <span class='ocrx_word' id='word_1_295' title='bbox 1258 3719 1637 3789; x_wconf 85' lang='lat' dir='ltr'><strong>conficiatur.</strong></span> <span class='ocrx_word' id='word_1_296' title='bbox 1721 3719 2057 3783; x_wconf 89' lang='lat' dir='ltr'><strong>Tertium</strong></span> <span class='ocrx_word' id='word_1_297' title='bbox 2106 3718 2254 3796; x_wconf 88' lang='lat' dir='ltr'><strong>erit,</strong></span> <span class='ocrx_word' id='word_1_298' title='bbox 2315 3726 2388 3788; x_wconf 90' lang='lat' dir='ltr'><strong>ut</strong></span> <span class='ocrx_word' id='word_1_299' title='bbox 2437 3720 2614 3807; x_wconf 85' lang='lat' dir='ltr'><strong>quasi</strong></span> 
     </span>
     <span class='ocr_line' id='line_1_37' title="bbox 277 3807 2404 3900; baseline 0 -24"><span class='ocrx_word' id='word_1_300' title='bbox 277 3813 342 3882; x_wconf 85' lang='lat' dir='ltr'><strong>in</strong></span> <span class='ocrx_word' id='word_1_301' title='bbox 384 3814 536 3899; x_wconf 87' lang='lat' dir='ltr'><strong>ipsis</strong></span> <span class='ocrx_word' id='word_1_302' title='bbox 578 3814 711 3881; x_wconf 86' lang='lat' dir='ltr'><strong>deis</strong></span> <span class='ocrx_word' id='word_1_303' title='bbox 753 3813 1011 3881; x_wconf 81' lang='lat' dir='ltr'><strong>formam</strong></span> <span class='ocrx_word' id='word_1_304' title='bbox 1055 3814 1236 3879; x_wconf 90' lang='lat' dir='ltr'><strong>istam</strong></span> <span class='ocrx_word' id='word_1_305' title='bbox 1273 3823 1619 3881; x_wconf 81' lang='lat' dir='ltr'><strong>versantem</strong></span> <span class='ocrx_word' id='word_1_306' title='bbox 1661 3813 2217 3900; x_wconf 83' lang='lat' dir='ltr'><strong>deprehendamus.</strong></span> <span class='ocrx_word' id='word_1_307' title='bbox 2291 3877 2296 3884; x_wconf 88' lang='grc'><strong>,</strong></span> <span class='ocrx_word' id='word_1_308' title='bbox 2398 3807 2404 3813; x_wconf 74' lang='grc'><strong>’</strong></span> 
     </span>
    </p>
   </div>
   <div class='ocr_carea' id='block_1_6' title="bbox 1365 3978 1519 4056">
    <p class='ocr_par' dir='ltr' id='par_1_8' title="bbox 1365 3978 1519 4056">
     <span class='ocr_line' id='line_1_38' title="bbox 1365 3978 1519 4056; baseline 0 -18"><span class='ocrx_word' id='word_1_309' title='bbox 1365 3978 1417 4056; x_wconf 67' lang='lat' dir='ltr'><strong>g.</strong></span> <span class='ocrx_word' id='word_1_310' title='bbox 1462 3980 1519 4041; x_wconf 86' lang='lat'><strong>9.</strong></span> 
     </span>
    </p>
   </div>
   <div class='ocr_carea' id='block_1_7' title="bbox 275 4103 2612 4575">
    <p class='ocr_par' dir='ltr' id='par_1_9' title="bbox 275 4103 2612 4575">
     <span class='ocr_line' id='line_1_39' title="bbox 436 4103 2612 4189; baseline 0 -22"><span class='ocrx_word' id='word_1_311' title='bbox 436 4103 542 4187; x_wconf 91' lang='lat'>(11,</span> <span class='ocrx_word' id='word_1_312' title='bbox 583 4104 670 4187; x_wconf 80' lang='grc'><strong>2,)</strong></span> <span class='ocrx_word' id='word_1_313' title='bbox 712 4124 764 4168; x_wconf 93' lang='lat' dir='ltr'><strong>a.</strong></span> <span class='ocrx_word' id='word_1_314' title='bbox 847 4104 1037 4171; x_wconf 87' lang='lat' dir='ltr'><strong>Chori</strong></span> <span class='ocrx_word' id='word_1_315' title='bbox 1079 4113 1326 4185; x_wconf 84' lang='lat' dir='ltr'><strong>natura,</strong></span> <span class='ocrx_word' id='word_1_316' title='bbox 1386 4106 1465 4171; x_wconf 91' lang='lat' dir='ltr'><strong>ab</strong></span> <span class='ocrx_word' id='word_1_317' title='bbox 1515 4105 1786 4189; x_wconf 88' lang='lat' dir='ltr'><strong>agendo,</strong></span> <span class='ocrx_word' id='word_1_318' title='bbox 1847 4110 1919 4170; x_wconf 83' lang='lat' dir='ltr'><strong>ut</strong></span> <span class='ocrx_word' id='word_1_319' title='bbox 1969 4103 2235 4174; x_wconf 85' lang='lat' dir='ltr'><strong>diximus</strong></span> <span class='ocrx_word' id='word_1_320' title='bbox 2284 4107 2483 4173; x_wconf 86' lang='lat' dir='ltr'><strong>aliena</strong></span> <span class='ocrx_word' id='word_1_321' title='bbox 2535 4104 2612 4169; x_wconf 88' lang='lat' dir='ltr'><strong>iis</strong></span> 
     </span>
     <span class='ocr_line' id='line_1_40' title="bbox 275 4198 2611 4288; baseline 0 -26"><span class='ocrx_word' id='word_1_322' title='bbox 275 4198 563 4279; x_wconf 87' lang='lat' dir='ltr'><strong>personis</strong></span> <span class='ocrx_word' id='word_1_323' title='bbox 606 4199 895 4266; x_wconf 84' lang='lat' dir='ltr'><strong>convenit</strong></span> <span class='ocrx_word' id='word_1_324' title='bbox 942 4221 1205 4287; x_wconf 90' lang='lat' dir='ltr'><strong>quarum</strong></span> <span class='ocrx_word' id='word_1_325' title='bbox 1256 4210 1478 4267; x_wconf 88' lang='lat' dir='ltr'><strong>natura</strong></span> <span class='ocrx_word' id='word_1_326' title='bbox 1540 4208 1603 4265; x_wconf 90' lang='lat' dir='ltr'><strong>et</strong></span> <span class='ocrx_word' id='word_1_327' title='bbox 1653 4199 1787 4285; x_wconf 91' lang='lat' dir='ltr'><strong>ipsa</strong></span> <span class='ocrx_word' id='word_1_328' title='bbox 1838 4221 1963 4267; x_wconf 92' lang='lat' dir='ltr'><strong>non</strong></span> <span class='ocrx_word' id='word_1_329' title='bbox 2024 4201 2080 4268; x_wconf 85' lang='lat' dir='ltr'><strong>vi</strong></span> <span class='ocrx_word' id='word_1_330' title='bbox 2130 4202 2323 4288; x_wconf 88' lang='lat' dir='ltr'><strong>pollet</strong></span> <span class='ocrx_word' id='word_1_331' title='bbox 2370 4199 2611 4284; x_wconf 88' lang='lat' dir='ltr'><strong>agendi,</strong></span> 
     </span>
     <span class='ocr_line' id='line_1_41' title="bbox 278 4293 2608 4382; baseline 0 -24"><span class='ocrx_word' id='word_1_332' title='bbox 278 4293 390 4359; x_wconf 90' lang='lat' dir='ltr'><strong>sed</strong></span> <span class='ocrx_word' id='word_1_333' title='bbox 440 4315 703 4381; x_wconf 89' lang='lat' dir='ltr'><strong>quarum</strong></span> <span class='ocrx_word' id='word_1_334' title='bbox 754 4297 1037 4363; x_wconf 86' lang='lat' dir='ltr'><strong>cantibus</strong></span> <span class='ocrx_word' id='word_1_335' title='bbox 1085 4305 1295 4363; x_wconf 87' lang='lat' dir='ltr'><strong>motus</strong></span> <span class='ocrx_word' id='word_1_336' title='bbox 1357 4297 1444 4361; x_wconf 90' lang='lat' dir='ltr'><strong>illi</strong></span> <span class='ocrx_word' id='word_1_337' title='bbox 1495 4295 1846 4380; x_wconf 86' lang='lat' dir='ltr'><strong>tragoediae</strong></span> <span class='ocrx_word' id='word_1_338' title='bbox 1899 4296 2237 4382; x_wconf 88' lang='lat' dir='ltr'><strong>gravissimi</strong></span> <span class='ocrx_word' id='word_1_339' title='bbox 2297 4295 2608 4360; x_wconf 88' lang='lat' dir='ltr'><strong>sedantur.</strong></span> 
     </span>
     <span class='ocr_line' id='line_1_42' title="bbox 275 4387 2609 4479; baseline 0.001 -26"><span class='ocrx_word' id='word_1_340' title='bbox 275 4390 374 4453; x_wconf 78' lang='lat' dir='ltr'><strong>Ab</strong></span> <span class='ocrx_word' id='word_1_341' title='bbox 403 4387 697 4457; x_wconf 90' lang='lat' dir='ltr'><strong>heroibus</strong></span> <span class='ocrx_word' id='word_1_342' title='bbox 738 4391 926 4477; x_wconf 87' lang='lat' dir='ltr'><strong>igitur</strong></span> <span class='ocrx_word' id='word_1_343' title='bbox 950 4392 1432 4478; x_wconf 88' lang='lat' dir='ltr'><strong>hominibusque</strong></span> <span class='ocrx_word' id='word_1_344' title='bbox 1461 4392 1756 4476; x_wconf 75' lang='lat' dir='ltr'><strong>singulari</strong></span> <span class='ocrx_word' id='word_1_345' title='bbox 1787 4392 2053 4479; x_wconf 88' lang='lat' dir='ltr'><strong>quadam</strong></span> <span class='ocrx_word' id='word_1_346' title='bbox 2082 4389 2376 4472; x_wconf 83' lang='lat' dir='ltr'><strong>dignitate</strong></span> <span class='ocrx_word' id='word_1_347' title='bbox 2420 4409 2609 4469; x_wconf 89' lang='lat' dir='ltr'><strong>prae-</strong></span> 
     </span>
     <span class='ocr_line' id='line_1_43' title="bbox 276 4482 2607 4575; baseline 0.001 -27"><span class='ocrx_word' id='word_1_348' title='bbox 276 4483 449 4562; x_wconf 85' lang='lat' dir='ltr'><strong>ditis,</strong></span> <span class='ocrx_word' id='word_1_349' title='bbox 511 4487 618 4571; x_wconf 91' lang='lat' dir='ltr'><strong>qui</strong></span> <span class='ocrx_word' id='word_1_350' title='bbox 670 4488 820 4575; x_wconf 88' lang='lat' dir='ltr'><strong>quid</strong></span> <span class='ocrx_word' id='word_1_351' title='bbox 871 4496 1129 4574; x_wconf 88' lang='lat' dir='ltr'><strong>possent</strong></span> <span class='ocrx_word' id='word_1_352' title='bbox 1176 4487 1571 4575; x_wconf 87' lang='lat' dir='ltr'><strong>valerentque</strong></span> <span class='ocrx_word' id='word_1_353' title='bbox 1623 4510 1750 4554; x_wconf 90' lang='lat' dir='ltr'><strong>non</strong></span> <span class='ocrx_word' id='word_1_354' title='bbox 1793 4489 2176 4571; x_wconf 89' lang='lat' dir='ltr'><strong>ignorarent,</strong></span> <span class='ocrx_word' id='word_1_355' title='bbox 2238 4483 2314 4547; x_wconf 90' lang='lat' dir='ltr'><strong>ab</strong></span> <span class='ocrx_word' id='word_1_356' title='bbox 2369 4482 2465 4547; x_wconf 91' lang='lat' dir='ltr'><strong>his</strong></span> <span class='ocrx_word' id='word_1_357' title='bbox 2507 4507 2607 4550; x_wconf 87' lang='lat' dir='ltr'><strong>res</strong></span> 
     </span>
    </p>
   </div>
  </div>
 </body>
</html>
