2978 4869
1195 204 1616 269 -14.-

235 375 508 465 Singulis
559 372 845 441 Orestiae
897 374 1232 459 tragoediis
1284 375 1403 441 hoc
1462 378 1921 443 demonstrasse
1983 377 2264 445 sufficiet.
2360 383 2568 448 Habes

235 479 298 542 in
340 480 889 560 Agamemnone
930 492 1141 556 regem
1185 472 1404 559 culpae
1447 473 1726 560 profecto
1757 494 1883 540 non
1911 474 2202 542 minimae
2230 478 2572 545 obnoxium

234 572 342 639 sed
392 569 603 635 multis
654 568 857 632 modis
908 567 1090 633 simul
1144 577 1209 634 et
1257 578 1647 653 excusatum.
1741 568 1999 637 Crimini
2058 572 2161 638 isti
2222 574 2427 638 statim
2480 575 2572 640 ira

231 669 501 754 indeque
564 673 707 730 nata
767 664 1124 749 gravissima
1186 668 1433 753 reginae
1497 667 1679 755 culpa
1736 666 2092 754 opponitur.
2190 671 2332 736 Non
2387 668 2574 736 deest

237 765 407 852 quod
447 763 633 829 tertio
677 762 812 827 loco
857 761 1314 843 desideramus»,
1357 763 1562 829 caedis
1604 764 1921 843 solatium,
1970 784 2209 852 poenae
2250 788 2286 830 a
2321 766 2574 854 Clytae-

232 869 507 928 mnestra
540 858 878 925 sumendae
906 858 970 923 in
1001 878 1297 941 praesens
1330 860 1598 938 initium,
1639 860 1884 926 suturae
1916 883 2080 947 spes.
2146 862 2358 942 Quare
2383 884 2570 949 quem

230 966 472 1024 tantum
523 977 599 1021 ex
651 956 839 1020 rebus
889 956 1154 1021 turbatis
1215 956 1424 1022 auimo
1486 957 1766 1022 dolorem
1825 958 2254 1043 concepimuS,
2314 960 2576 1024 sedatur

232 1055 398 1120 idem
440 1060 504 1118 et
544 1051 977 1138 compescitur.
993 1052 1034 1135 “)
1067 1090 1140 1100 —
1171 1053 1244 1117 In
1273 1052 1744 1140 Choephoris
1785 1074 1974 1139 porro
2018 1054 2188 1140 quod
2227 1055 2571 1121 ulciscendi
2647 1136 2652 1142 .

231 1149 505 1216 criminis
546 1169 733 1215 causa
774 1149 1032 1215 Orestes
1075 1148 1309 1215 crimen
1351 1150 1699 1229 committit,
1741 1149 1929 1215 habet
1969 1149 2028 1214 id
2073 1170 2338 1236 poenam
2381 1172 2572 1238 prae·-

233 1255 493 1313 sentem.
576 1247 649 1311 ln
689 1244 1226 1311 Eumenidihus
1278 1246 1550 1333 denique
1594 1246 1841 1312 Orestis
1892 1245 2132 1312 facinus
2184 1248 2381 1312 furiae
2422 1269 2572 1334 per-

233 1351 604 1431 sequuntur.
685 1340 1026 1428 Utriusque
1069 1342 1260 1427 partis
1303 1343 1475 1430 jura,
1527 1343 1718 1411 immo
1761 1363 2002 1425 poenae
2045 1343 2300 1409 omnino
2341 1352 2406 1409 et
2447 1344 2573 1409 cri-—

236 1441 421 1505 minis
454 1440 597 1526 jura
630 1438 871 1526 judicio
908 1438 1116 1505 divino
1159 1439 1593 1526 dijudicantur,
1633 1460 1752 1505 nec
1794 1440 2119 1526 quaeritur
2158 1441 2453 1526 amplius:

864 1576 942 1590 --
997 1575 1079 1588 -
1128 1575 1209 1588 —
1263 1574 1339 1587 --
1387 1543 1502 1598 ποῖ
1539 1532 1897 1617 καταλήξει

858 1621 1398 1707 μωτοαοιμισβὲν
1438 1616 1650 1707 μένος
1694 1624 1885 1707 ἆῆςς

390 1730 629 1795 Eodem
672 1728 861 1793 modo
901 1728 1139 1815 ubique
1182 1728 1245 1792 in
1288 1727 1547 1813 singulis
1573 1728 1860 1816 Aeschyli
1901 1730 2234 1815 tragoediis
2267 1738 2412 1819 post
2442 1730 2576 1796 dis-

232 1828 458 1894 sidium
500 1848 619 1915 pax
662 1826 968 1903 exoritur,
1020 1825 1266 1892 duobus
1317 1825 1435 1890 sibi
1485 1825 1790 1910 oppositis
1837 1826 2189 1911 tragoediae
2237 1820 2596 1892 momentis

231 1925 485 1992 tertium
528 1923 792 2000 additur,
836 1922 945 1987 sed
987 1922 1159 1987 nullo
1204 1929 1375 1988 certo
1418 1921 1635 1986 ordine
1679 1930 2024 2007 ponuntur,
2079 1923 2329 2009 saepius
2379 1924 2574 1990 vehe-

234 2030 477 2088 menter
528 2019 1026 2086 commiscentur.
1107 2018 1385 2084 Eventus
1433 2018 1769 2105 praecipue
1819 2020 1927 2106 qui
1992 2020 2071 2085 sit
2131 2020 2260 2087 sere
2326 2040 2577 2107 semper
2649 2056 2656 2064 ·

234 2140 363 2183 non
404 2118 469 2182 in
520 2118 642 2181 line
692 2123 963 2193 tantum,
1015 2114 1123 2180 sed
1170 2112 1408 2200 ubique
1459 2122 1732 2201 apparet.
1815 2116 1985 2194 Quid
2033 2116 2322 2183 ultimum
2384 2117 2464 2182 sit
2511 2116 2574 2181 id

231 2213 327 2282 vel
369 2213 548 2278 initio
591 2212 897 2277 indicatur
936 2213 1020 2277 ita
1061 2218 1134 2276 ut
1174 2208 1476 2275 maturius
1517 2209 1609 2277 vis
1648 2210 1899 2290 doloriS,
1941 2232 2104 2299 quae
2147 2220 2246 2277 est
2287 2213 2348 2276 in
2373 2212 2573 2278 susti-

233 2311 441 2377 nendo
484 2310 716 2386 dolore,
758 2309 1076 2375 minuatur
1117 2315 1183 2373 et
1223 2306 1663 2391 confringatur.

390 2408 507 2474 Est
546 2406 646 2473 hic
685 2404 953 2472 maxime
996 2405 1261 2472 idoneus
1300 2403 1478 2470 locus
1520 2402 1630 2469 ubi
1673 2401 1750 2469 de
1794 2404 2007 2470 chori
2050 2404 2335 2471 instituto
2377 2422 2574 2492 pauca

232 2504 534 2592 adjiciam.
614 2503 918 2570 Videlicet
967 2504 1303 2569 redituram
1354 2502 1566 2588 potius
1617 2500 1858 2565 afflictis
1911 2501 2102 2566 rebus
2156 2522 2342 2586 quam
2384 2522 2574 2587 prae-

231 2610 470 2667 sentem
521 2601 741 2665 adesse
795 2600 1086 2677 salutem,
1133 2607 1208 2665 ut
1258 2600 1378 2664 hoc
1430 2596 1547 2662 sibi
1599 2596 2076 2682 persuaderent,
2129 2595 2386 2675 Graeci,
2425 2610 2574 2684 :qua

231 2705 410 2764 erant
454 2703 705 2773 natura,
767 2716 803 2760 a
866 2715 932 2760 se
994 2696 1326 2782 impetrare
1386 2714 1517 2759 non
1578 2700 1883 2779 poterant.
1975 2693 2188 2773 Quare
2239 2701 2572 2781 postquam

192 2793 484 2884 ⁸agendis
526 2793 716 2859 rebus
760 2792 823 2857 in
873 2792 1190 2878 tragoedia
1241 2792 1417 2857 locus
1466 2797 1564 2856 est
1614 2790 1825 2869 datuS,
1879 2797 2129 2877 praeter
2178 2792 2416 2878 epicam
2467 2809 2574 2856 ra-

230 2894 467 2957 tionem
510 2910 697 2977 quam
740 2889 929 2955 modo
970 2889 1233 2956 vidimus
1262 2889 1440 2974 apud
1481 2888 1855 2976 Aeschylum
1897 2889 2199 2952 mansisse
2242 2887 2305 2952 in
2351 2889 2571 2974 singu-

229 2989 303 3054 lis
351 2985 714 3072 tragoediis,
777 2991 1015 3050 servata
1065 2984 1246 3049 etiam
1303 2991 1449 3049 sunt
1500 2984 1770 3049 carmina
1821 2983 1924 3047 illa
1973 3003 2133 3070 quae
2183 2983 2260 3048 ab
2314 2985 2569 3070 agendis

230 3085 421 3150 rebus
461 3083 545 3148 ita
588 3080 860 3146 animum
905 3087 1266 3147 revocarent
1305 3087 1380 3145 ut
1420 3100 1674 3167 quoque
1726 3079 2027 3166 temporis
2077 3089 2311 3166 puncto
2350 3102 2573 3163 pacem

230 3181 488 3247 haberet
529 3178 593 3244 in
634 3184 929 3264 promptu
971 3177 1344 3263 futuraeque
1387 3176 1602 3242 salutis
1645 3198 1723 3242 ne
1764 3197 2042 3263 unquam
2096 3176 2349 3263 quidem
2395 3197 2570 3262 spem

230 3276 628 3342 desideraret.
700 3273 1040 3339 Dissidium
1083 3274 1147 3338 in
1191 3274 1312 3338 fine
1355 3274 1717 3340 solvendum
1758 3280 1831 3338 ut
1869 3274 2105 3359 ubique
2136 3273 2411 3338 solutum
2452 3271 2571 3338 ha·-

230 3374 472 3448 berent,
515 3369 686 3435 chori
728 3389 919 3455 opera
959 3370 1245 3435 effectum
1289 3377 1401 3435 est.
1422 3406 1503 3417 —-
1523 3370 1744 3435 Fuisse
1783 3370 2034 3435 maximi
2077 3368 2376 3436 momenti
2411 3369 2570 3436 cho-

229 3489 368 3536 rum
398 3467 562 3555 apud
591 3465 963 3552 Aeschylum
1007 3465 1149 3551 quis
1191 3474 1287 3530 est
1327 3465 1433 3552 qui
1478 3467 1864 3552 ignoret?—
1889 3466 1961 3531 Id
2000 3487 2148 3533 vero
2191 3488 2377 3553 quam
2410 3467 2571 3532 bene

230 3587 375 3632 cum
414 3564 770 3650 tragoediae
810 3560 1186 3648 Aeschyleae
1229 3563 1489 3628 consilio
1542 3571 1870 3648 congruat,
1921 3585 1997 3628 ex
2049 3563 2125 3628 iis
2177 3584 2335 3650 quae
2390 3570 2569 3628 antea

230 3661 691 3749 disputavimus
733 3658 1112 3743 intelligitur.
1153 3694 1232 3707 -

386 3761 525 3825 Jam
577 3779 739 3845 quae
791 3754 974 3822 suerit
1024 3755 1113 3820 rei
1165 3756 1431 3840 tragicae
1483 3756 1648 3842 apud
1689 3755 2060 3844 Aeschylum
2104 3755 2379 3821 conditio
2421 3755 2570 3822 satis

231 3854 473 3922 videtur
515 3855 865 3941 expositum
908 3873 1066 3918 esse.
1149 3853 1209 3916 Is
1262 3852 1439 3939 cujus
1489 3860 1765 3918 mentem
1810 3853 2078 3938 primum
2122 3872 2263 3917 cum
2305 3852 2361 3919 vi
2407 3873 2570 3939 qua-

232 3952 373 4017 dam
426 3949 701 4016 subierat
750 3950 905 4036 legis
957 3949 1120 4015 illius
1170 3969 1393 4015 sensus
1446 3970 1571 4035 qua
1613 3949 1999 4035 superiorem
2044 3969 2183 4013 esse
2226 3948 2407 4014 aliam
2451 3971 2570 4015 ne-

232 4048 394 4135 gavi,
444 4047 732 4112 distincte
777 4068 913 4113 eam
957 4055 1020 4113 et
1061 4045 1323 4132 graviter
1374 4046 1484 4112 sed
1526 4046 1880 4131 ingentibus
1930 4051 1995 4110 et
2043 4045 2300 4112 rudibus
2354 4046 2571 4111 formis

234 4144 556 4232 expressit.
625 4144 764 4209 Jam
807 4165 951 4210 vero
994 4165 1189 4231 quum
1231 4142 1579 4229 periculum
1623 4143 1872 4208 adesset
1911 4163 1992 4208 ne
2035 4144 2198 4208 mole
2227 4141 2569 4229 formisque

233 4243 410 4328 quasi
463 4242 687 4308 obruta
737 4240 836 4306 lex
887 4241 1149 4326 periret,
1202 4241 1286 4306 ita
1335 4261 1482 4307 mox
1534 4247 1851 4306 contracta
1900 4247 1998 4306 est
2046 4248 2109 4304 et
2149 4262 2184 4304 a
2239 4238 2450 4305 formis
2493 4239 2569 4304 ad

372 4473 428 4535 *)
466 4484 688 4544 Placent,
727 4493 856 4540 quae
894 4485 987 4531 nac
1025 4483 1084 4530 de
1123 4494 1176 4529 re
1214 4482 1446 4531 disseruit
1481 4487 1568 4534 W.
1607 4484 2045 4532 Humboldtius
2084 4481 2132 4525 ln
2170 4479 2402 4527 versione
2431 4480 2567 4536 Aga·

142 4557 153 4572 '
231 4563 403 4600 memn.
444 4564 490 4609 p.
531 4555 620 4601 lv.
