2978 4869
1423 159 1816 244 -5'-

442 351 696 418 hercule
747 350 1031 417 homines
1081 351 1145 416 in
1199 350 1543 438 detegenda
1592 351 1696 417 illa
1744 370 2037 437 suprema
2078 350 2211 437 lege
2256 351 2567 417 laborasse
2607 343 2782 435 videss

442 470 613 527 mus,
662 447 763 513 illa
805 448 1056 535 inquam
1109 449 1275 535 lege,
1331 469 1457 535 qua
1507 448 1866 515 universum
1918 446 2220 514 mundum
2282 455 2348 513 et
2395 467 2539 537 eum
2592 460 2783 531 quem

443 545 639 610 oculis
689 544 1003 610 cernimus
1052 553 1116 611 et
1165 565 1308 609 eum
1362 564 1550 630 quem
1604 545 1735 610 sola
1786 553 1995 611 mente
2039 545 2486 631 conspicimus,
2535 535 2784 624 regnari

438 640 853 707 certissimum
915 640 1038 706 est!
1130 640 1301 720 Quid
1364 643 1651 726 quaeris?
1734 641 2178 728 Aeschylum
2240 640 2352 705 tibi
2411 658 2626 708 verum
2686 633 2782 698 rei

439 738 847 803 dramaticae.
889 737 1274 804 inventorem
1358 744 1422 804 et
1465 737 1888 804 ‚conditorem
1909 789 1925 816 ‚
2008 737 2172 806 eheu
2251 737 2497 825 qualem
2579 732 2780 801 virum

439 833 729 900 ostendo!
753 834 794 920 ¹¹)
875 834 1086 899 Habes
1135 841 1415 915 poetam,
1460 835 1599 920 qui,
1652 855 1846 921 quum
1905 835 1969 899 in
2011 855 2257 899 summo
2300 833 2508 921 po’esis
2551 846 2779 915 genere

436 937 805 1008 versaretur,
847 929 1108 996 formam
1150 930 1314 995 illam
1357 950 1567 997 rerum
1610 931 1917 1019 triplicem
1946 931 2060 997 arti
2089 930 2431 998 vindicavit.
2494 927 2780 993 Alterum

437 1027 615 1092 alteri
658 1027 1019 1113 oppositum
1061 1048 1097 1091 a
1138 1027 1323 1093 tertio
1366 1027 1648 1115 utrisque
1693 1030 2016 1115 superiore
2060 1027 2385 1114 excipitur,
2428 1028 2779 1112 superatur,

434 1123 700 1189 alterum
751 1122 1021 1210 denique
1072 1145 1215 1190 cum
1265 1125 1460 1190 altero
1516 1124 1897 1192 conciliatur.
1978 1130 2131 1191 Arte
2182 1130 2521 1211 praeeunte
2561 1118 2780 1202 religio

435 1226 534 1285 est
573 1220 921 1300 subsecuta,
965 1221 1302 1307 docuitque
1342 1221 1495 1287 haec
1549 1222 1765 1288 eadem
1819 1221 1955 1307 lege
2005 1221 2192 1286 deum
2249 1239 2502 1307 quoque
2559 1213 2780 1293 teneri,

432 1335 629 1403 quum
670 1337 867 1382 unum
909 1316 1098 1382 deum
1141 1318 1536 1405 eundemque
1577 1327 1706 1385 tres
1750 1341 1889 1385 esse
1932 1319 2084 1384 deos
2128 1315 2550 1382 contenderet.
2623 1313 2780 1378 Eam

430 1434 577 1479 vero
638 1413 841 1497 legem
909 1414 988 1479 ad
1048 1413 1354 1479 rationem
1408 1414 1538 1499 jam
1602 1414 1758 1481 haec
1816 1423 2030 1481 nostra
2092 1421 2264 1480 aetas
2315 1411 2655 1488 revocavit,
2704 1413 2779 1474 ut

431 1516 748 1574 aeternam
800 1531 938 1575 eam
990 1531 1128 1575 esse
1179 1510 1404 1576 mentis
1453 1510 1746 1590 formam,
1807 1518 2123 1577 aeternam
2186 1508 2617 1595 philosophiae
2678 1506 2777 1570 le-

431 1626 569 1691 gem
611 1626 990 1693 omnemque
1040 1628 1180 1673 esse
1232 1607 1674 1693 cogitationem
1730 1607 1807 1672 ad
1859 1605 2017 1672 hanc
2067 1627 2349 1672 normam
2406 1602 2779 1690 exigendam

430 1703 804 1767 ostenderet.

586 1799 743 1864 Eam
784 1798 974 1884 igitur
1012 1800 1329 1885 tragoedia
1370 1801 1447 1866 ab
1482 1800 1810 1886 Aeschle,
1854 1800 1906 1865 si
1948 1800 2153 1865 minus
2185 1801 2454 1877 inventa,
2492 1799 2559 1863 'in
2603 1817 2780 1863 suam

426 1901 595 1961 certe
637 1894 898 1961 formam
938 1896 1261 1975 vindicata,
1303 1897 1418 1963 arti
1448 1897 1896 1982 perfectionem
1937 1895 2162 1975 attulit,
2203 1904 2276 1961 ut
2318 1917 2482 1982 quae
2523 1893 2778 1960 deside-

427 1992 680 2056 rabatur
718 2000 898 2057 antea
938 2012 1146 2060 rerum
1187 1994 1351 2059 inter
1387 2014 1454 2060 se
1499 1993 1924 2061 dimicantium
1968 1992 2317 2059 conciliatio
2371 2014 2448 2056 ex
2488 1991 2628 2077 ipso
2670 1988 2777 2054 illo

427 2087 667 2173 proelio
719 2110 885 2154 nunc
937 2090 1164 2155 exoriri
1214 2089 1548 2158 videretur.
1641 2090 1738 2155 Ad
1801 2111 1902 2155 res
1965 2090 2132 2155 enim
2183 2089 2435 2154 rediens
2488 2094 2777 2153 externas

422 2192 490 2249 et
529 2185 603 2250 ad
649 2206 935 2267 campum
977 2186 1270 2253 historiae
1319 2186 1441 2253 late
1484 2194 1802 2269 patentem
1844 2207 2044 2273 eaque
2097 2185 2161 2251 in
2210 2207 2279 2252 re
2322 2185 2536 2272 epicae
2576 2183 2776 2250 ratio-

422 2280 524 2347 nis
567 2302 695 2346 non
736 2281 1084 2360 dissimilis,
1134 2305 1213 2349 eo
1261 2291 1467 2349 tamen
1520 2284 1679 2351 hanc
1722 2284 2060 2366 superavit,
2112 2281 2280 2369 quod
2332 2303 2434 2348 res
2486 2302 2614 2346 non
2663 2299 2778 2367 per
2873 2312 2878 2317 ·

424 2398 495 2444 se
536 2377 707 2443 nullo
749 2384 944 2444 tactas
988 2376 1341 2445 discrimine
1385 2379 1685 2458 exhibuit,
1729 2378 1838 2446 sed
1869 2399 2110 2447 summa
2141 2378 2449 2446 discordia
2481 2378 2778 2444 laboran-

421 2483 518 2539 tes
568 2475 645 2539 ad
699 2496 1004 2541 summam
1052 2477 1346 2557 perduxit
1385 2477 1810 2554 concordiam,
1873 2476 1937 2541 in
1989 2498 2292 2542 summam
2354 2498 2432 2541 ex
2482 2473 2776 2542 servitute

424 2571 604 2657 quasi
649 2571 716 2636 in
757 2572 1109 2639 libertatem
1137 2574 1478 2642 vindicavit.
1550 2574 1758 2654 Quam
1802 2573 1883 2638 ob
1928 2594 2057 2639 rem
2102 2575 2160 2643 vi.
2200 2575 2318 2641 ista
2360 2570 2774 2639 conciliatrice

423 2668 580 2734 freta
608 2681 701 2734 'ex
728 2668 1083 2734 narratione
1124 2678 1190 2735 et
1230 2670 1427 2735 multo
1457 2670 1652 2756 magis
1695 2670 1881 2735 etiam
1924 2692 2001 2736 ex
2046 2673 2178 2737 sola
2217 2671 2445 2738 mentis
2488 2677 2777 2735 contem-

421 2765 696 2850 platione
757 2766 835 2829 ad
888 2765 1085 2849 ipsam
1133 2766 1320 2831 vitam
1382 2773 1446 2830 et
1494 2767 1817 2833 veritatem
1867 2788 1999 2832 rem
2048 2768 2312 2834 reduxit.
2401 2769 2471 2831 In
2523 2785 2776 2831 scenam

422 2859 721 2942 produxit
761 2861 913 2926 deos
956 2860 1389 2948 hominesque,
1434 2863 1766 2948 loquentes
1808 2883 1919 2927 eos
1968 2871 2033 2929 et
2073 2871 2348 2950 agentes,
2430 2865 2629 2928 Immo
2670 2881 2775 2925 res

421 2956 614 3043 ipsae,
657 2957 887 3044 quibus
928 2956 1080 3021 nihil
1108 2958 1374 3040 amplius
1404 2959 1702 3036 adhaesit,
1746 2957 2016 3025 alienum
2062 2961 2230 3047 quod
2263 2959 2499 3025 diceres
2542 2966 2606 3024 et
2645 2979 2776 3023 non

421 3053 580 3118 bene
621 3059 1038 3139 perspectum,
1080 3075 1344 3140 quarum
1376 3057 1511 3143 ipsa
1539 3077 1707 3122 nunc
1735 3055 1915 3142 quasi
1957 3057 2160 3122 anima
2205 3064 2338 3121 erat
2375 3054 2666 3133 revelata,
2708 3054 2775 3118 in

420 3149 624 3215 lucem
677 3149 807 3236 jam
869 3157 1011 3215 ante
1073 3171 1255 3216 aures
1316 3160 1738 3237 spectatorum
1800 3151 2144 3238 oculosque
2193 3151 2581 3233 prodierunt.
2673 3148 2774 3214 En

420 3246 541 3324 dei,
586 3246 826 3324 heroeS‚
868 3245 1148 3313 homines
1179 3269 1374 3334 quum
1404 3248 1779 3314 carminibus
1814 3247 2068 3334 jamjam
2096 3249 2354 3314 Homeri
2393 3269 2528 3313 eam
2561 3253 2774 3312 essent

416 3343 581 3408 nacti
622 3343 1179 3423 immortalitatem,
1230 3345 1476 3431 qualem
1532 3344 1651 3410 sihi
1701 3366 1828 3409 non
1872 3366 2058 3426 posse
2102 3346 2464 3432 contingere
2506 3363 2771 3428 magnus

420 3438 523 3503 ille
565 3438 916 3505 Alexander
964 3461 1148 3526 aegre
1188 3440 1406 3519 ferret,
1458 3461 1654 3526 quum
1693 3441 1946 3508 Pindari
1989 3443 2275 3512 laudibus
2320 3443 2448 3530 jam
2500 3442 2567 3507 in
2616 3461 2770 3506 coe-

418 3535 545 3601 lum
590 3544 803 3602 essent
843 3537 1005 3616 elati,
1049 3539 1110 3602 in
1154 3545 1381 3603 terram
1425 3558 1592 3602 nunc
1633 3538 1725 3605 vel
1756 3540 1986 3605 mortui
2027 3539 2351 3605 redierunt
2391 3558 2598 3624 neque
2640 3535 2767 3600 im-

417 3632 852 3698 mortalitatem
893 3641 1135 3701 tantum
1179 3634 1512 3700 coelestem
1557 3634 1666 3700 sed
1707 3635 1892 3702 vitam
1938 3636 2134 3718 ipsam
2178 3642 2242 3700 et
2281 3635 2465 3700 talem
2511 3632 2765 3721 quidem

417 3738 564 3795 sunt
603 3730 872 3795 assecuti
925 3753 1049 3817 qua
1100 3731 1313 3797 nescio
1361 3752 1512 3797 num
1563 3731 1744 3798 aliam
1785 3733 2015 3799 habeas
2064 3741 2173 3798 aut
2211 3732 2516 3801 veriorem
2558 3729 2765 3796 dicere

418 3833 527 3891 aut
565 3825 1002 3907 pulchriorem.

417 4031 698 4079 discrimine
747 4035 951 4089 exponit
1000 4032 1128 4092 epici
1166 4035 1401 4083 carminis
1438 4043 1482 4082 et
1524 4036 1813 4094 tragoediae
1851 4041 1900 4082 et
1937 4047 2015 4090 cp.
2053 4036 2225 4083 xxvi.
2267 4035 2349 4084 ubi
2387 4038 2557 4095 docet,
2601 4043 2758 4086 quan-

418 4109 519 4150 tum
574 4105 701 4149 haee
756 4101 824 4149 sit
870 4105 954 4149 ilio
1002 4106 1353 4160 praestantior.
1388 4129 1457 4138 —
1499 4110 1605 4164 Quo
1656 4110 1767 4154 loco
1814 4109 2125 4162 Aeschylum
2169 4107 2395 4154 habuerit
2441 4104 2756 4157 Aristoteles,

418 4185 507 4220 eur
553 4173 782 4228 tritogiae
825 4173 1014 4221 formae
1060 4188 1124 4221 ne
1159 4178 1454 4224 mentionem
1491 4178 1684 4232 quidem
1720 4177 1918 4235 teceri-t,
1967 4179 2138 4225 discas
2174 4190 2206 4226 a
2245 4180 2610 4225 Weickero:
2658 4172 2754 4219 Die

415 4244 785 4303 Aeschyiisehe
818 4245 1035 4303 'rriiogie
1071 4247 1398 4295 Prometheus
1434 4252 1529 4295 etc.
1602 4260 1652 4304 p.
1690 4250 1795 4295 588
1831 4260 1904 4303 sq.
1945 4253 1995 4296 et
2029 4251 2152 4296 5³2.

556 4306 614 4369 *J
649 4317 1008 4372 Phryniehi
1057 4318 1284 4374 truoginz
1329 4323 1431 4365 toto
1479 4320 1622 4365 coelo
1670 4321 1733 4366 ab
1769 4320 2015 4376 Aeschyli
2059 4319 2272 4376 triiogiis
2320 4318 2549 4365 diversas
2595 4314 2754 4362 fuisse

378 4387 796 4452 ,Weickerus
843 4386 928 4434 tibi
975 4391 1297 4445 persuadeat:
1347 4389 1567 4445 'l'rilogie
1602 4402 1652 4446 p.
1691 4390 1812 4439 498.
1860 4397 1910 4437 et
1941 4390 2376 4445 Droysenius:
2423 4386 2754 4442 Phrynichus,

413 4456 692 4515 Aiscnytos
727 4460 825 4506 und
863 4458 942 4506 die
977 4459 1210 4518 Triiogie.
1249 4460 1382 4521 ΚΜ,
1425 4462 1576 4509 1841.
1601 4481 1673 4495 -
1697 4463 1943 4514 conferas
1978 4462 2126 4510 etiam
2160 4462 2324 4510 iocum
2361 4471 2394 4508 a
2418 4458 2750 4508 Weicketo

414 4528 669 4578 laudatum
704 4531 913 4582 Philoni.
988 4532 1052 4583 V.
1091 4534 1154 4581 A.
1195 4533 1276 4581 vl.
1320 4535 1398 4583 ιι.
1437 4545 1488 4590 p.
1528 4535 1646 4583 245.
