2978 4869
349 320 648 400 instituta,
690 342 793 388 res
834 321 1041 389 civiles
1081 320 1329 406 vitaque
1370 319 1618 406 publica
1659 338 1804 384 cum
1844 313 2065 382 divinis
2106 315 2295 381 rebus
2335 314 2685 381 cohaerent.

349 416 478 482 Sed
532 439 694 503 quae
745 418 869 484 sint
922 439 994 483 ea
1038 416 1209 503 jura,
1263 437 1424 503 quae
1476 415 1557 480 sit
1607 415 1712 480 illa
1760 413 2101 482 divinarum
2151 411 2689 496 humanarumque

349 532 562 578 rerum
602 513 957 600 conjunctio
998 513 1258 599 posthac
1297 512 1666 579 videbimus„

509 615 608 673 An
650 630 766 674 nos
808 609 1008 674 ideam
1050 608 1215 673 illam
1259 629 1445 694 quam
1488 607 1847 694 quaerimus
1890 603 2359 690 Schlegelius
2401 602 2696 668 docebit?

352 703 671 770 Poteritne
723 705 778 770 is
832 725 969 769 eam
1017 703 1269 782 docere,
1331 703 1667 792 symbolica
1727 702 1835 789 qui
1894 701 2093 768 utitur
2140 699 2691 786 interpretatione?

351 799 573 864 Utrum
623 799 687 865 in
737 800 1092 886 primordiis
1144 800 1323 878 artie,
1383 800 1493 866 ubi
1548 798 1855 865 rationem
1910 796 2305 884 symbolicam
2355 796 2690 881 plurimum

351 894 617 961 valuisse
659 904 922 973 constat,
976 917 1055 960 an
1103 897 1270 982 apud
1308 896 1681 983 Aeschylum
1737 893 2114 979 tragicorum
2164 892 2507 980 principem
2547 912 2692 957 ver-

354 994 608 1056 samur?
683 991 778 1057 Ibi
821 1013 971 1058 sane
999 1010 1336 1070 versamur,
1376 994 1486 1058 ubi
1516 991 1886 1080 symbolicae
1920 988 2414 1076 interpretationi
2443 995 2541 1053 est
2564 988 2694 1053 mi-

352 1085 565 1152 nimus
617 1087 813 1153 locus.
901 1088 1100 1153 Immo
1151 1088 1290 1153 idea
1340 1088 1549 1173 aliqua
1596 1089 1682 1153 ita
1733 1095 1864 1153 arte
1916 1107 2210 1167 expressa
2263 1093 2384 1162 est,
2443 1091 2517 1150 ut
2564 1105 2693 1150 non

353 1180 746 1267 aliquatenus
806 1182 1144 1262 indicetur,
1204 1183 1314 1250 sed
1360 1190 1493 1249 tota
1549 1183 1736 1261 adsit,
1800 1183 2122 1268 formaque
2171 1189 2244 1246 ut
2284 1179 2575 1245 omnibus
2617 1201 2694 1244 ex

352 1275 637 1363 partibus
676 1280 770 1345 rei
810 1281 1199 1365 respondeat.
1289 1281 1386 1344 En
1427 1279 1658 1347 habeas
1700 1301 1887 1366 quam
1929 1277 2408 1362 Schlegelius
2450 1276 2695 1341 fabulae

353 1380 604 1438 nostrae
672 1396 926 1441 sensum
989 1397 1128 1442 esse
1190 1376 1528 1441 contendit.
1629 1379 1786 1442 Esse
1848 1374 2151 1462 quosdam
2203 1373 2387 1443 etiam
2435 1372 2696 1437 rationis
2755 1429 2766 1435 .

354 1474 611 1534 strenue
661 1471 949 1538 virtutem
1001 1472 1270 1538 iubentis
1320 1474 1504 1550 fineS,
1567 1494 1727 1559 quos
1784 1478 2027 1539 vetante
2081 1477 2303 1534 natura
2350 1467 2696 1553 transgredi

353 1562 528 1629 nefas
572 1565 669 1631 sit.
752 1568 1002 1634 Scilicet
1041 1569 1106 1634 id
1146 1575 1244 1634 est
1283 1567 1457 1634 furiis
1501 1568 1841 1634 concedere
1883 1566 2116 1642 locum,
2171 1584 2298 1650 quo
2338 1564 2414 1628 iis
2457 1563 2695 1629 securis

354 1658 633 1727 habitare
676 1663 885 1729 liceat!
938 1664 1006 1749 (l.
1027 1664 1067 1729 l.
1088 1685 1224 1751 pag.
1247 1665 1413 1749 155.)
1442 1701 1526 1711 —
1563 1663 1691 1731 Sed
1729 1663 1848 1729 sibi
1888 1663 2025 1744 ipse
2058 1658 2527 1744 Schlegelius
2566 1679 2697 1722 non

357 1754 732 1824 satisfecisse
773 1759 1031 1826 videtur.
1123 1760 1378 1839 Quanto
1427 1761 1595 1826 enim
1635 1759 1867 1825 rectius
1908 1756 2028 1824 alio
2070 1757 2209 1823 loco
2250 1753 2520 1831 monuit,
2570 1774 2699 1819 una

358 1871 503 1916 cum
533 1851 764 1920 Oreste
807 1856 984 1941 quasi
1016 1862 1217 1922 totum
1247 1878 1442 1941 genus
1469 1857 1812 1923 humanum
1840 1877 1875 1920 a
1903 1854 2078 1920 furiis
2107 1851 2381 1918 liberari!
2449 1850 2696 1916 Utinam

358 1945 539 2012 illud:
570 1951 745 2034 quasi
768 1952 1082 2017 omisisset
1103 1959 1165 2016 et
1185 1952 1420 2017 utinam
1443 1953 1509 2017 in
1530 1953 1687 2019 hanc
1712 1951 2081 2018 sententiam
2103 1950 2283 2035 plura
2302 1947 2699 2029 disputasset.

518 2044 1164 2133 Rectiustaullulum
1207 2047 1560 2131 Solgerus
1602 2048 1727 2131 (1.1.
1768 2069 1907 2131 pag.
1928 2047 2086 2132 XV.)
2128 2044 2447 2130 tragoedia
2485 2051 2701 2109 nostra
2825 2096 2834 2105 .

360 2138 556 2205 vivam
609 2140 696 2204 ait
745 2149 808 2206 et
856 2164 1062 2209 veram
1112 2143 1459 2221 libertatem
1499 2142 1820 2220 vindicari,
1872 2162 2140 2228 pugnam
2181 2140 2281 2206 hic
2322 2140 2562 2207 institui
2602 2140 2703 2204 le-

361 2253 510 2318 gum
552 2236 939 2302 necessitatis
991 2247 1205 2304 contra
1253 2239 1385 2306 viva
1435 2239 1538 2303 illa
1581 2260 1742 2326 quae
1785 2239 1910 2303 sint
1947 2238 2337 2322 singulorum
2378 2236 2702 2302 hominum

360 2329 519 2394 iura.
607 2333 860 2399 Habent
902 2341 1113 2400 tamen
1150 2336 1305 2401 haec
1344 2354 1598 2422 quoque
1637 2335 1909 2403 veritatis
1946 2334 2142 2420 magis
2179 2332 2475 2400 indicium
2515 2352 2702 2419 quam

363 2425 563 2513 ipsam
605 2429 939 2496 veritatem.
1021 2434 1180 2498 Rem
1220 2439 1417 2498 totam
1436 2446 1588 2496 ‘non
1629 2431 1875 2518 penitus
1918 2430 2257 2519 perspexit.

521 2525 763 2592 Eodem
804 2528 994 2593 modo
1033 2517 1422 2594 Genellius
1466 2527 1623 2612 (pag.
1648 2527 1784 2611 161)
1824 2547 2034 2592 rerum
2072 2525 2306 2592 ordinis
2342 2525 2705 2590 recentioris

365 2619 446 2683 de
488 2621 706 2686 ordine
748 2622 1014 2703 pristino
1056 2623 1376 2690 victoriam
1417 2623 1494 2687 ab
1521 2622 1827 2709 Aeschylo
1868 2623 1969 2688 hic
2010 2623 2306 2689 celebrari
2345 2630 2516 2688 recte
2558 2621 2706 2709 qui-

367 2714 512 2779 dem
557 2717 667 2781 sed
708 2738 782 2782 ea
823 2739 952 2783 non
993 2718 1143 2783 satis
1187 2718 1470 2784 distincte
1513 2717 1683 2783 dixit.
1747 2718 1892 2797 Quo
1934 2720 2099 2785 enim
2140 2727 2323 2805 pacto
2363 2718 2465 2784 hic
2495 2718 2706 2783 abillo

368 2809 641 2891 differat,
695 2814 865 2899 quod
905 2814 1159 2881 minime
1202 2816 1442 2894 debuit,
1485 2816 1691 2882 dicere
1734 2816 1969 2894 omisit,
2021 2835 2225 2900 neque
2265 2814 2328 2880 id
2370 2836 2486 2879 nos
2529 2817 2708 2879 com-

366 2913 657 2991 perturos
699 2931 836 2974 esse
878 2932 1082 2996 spero,
1123 2911 1474 2998 nisiquam
1528 2912 1847 2977 celerrime
1899 2911 1975 2976 ad
2019 2932 2163 2975 eum
2206 2931 2320 2974 nos
2363 2911 2710 2975 contuleri-

366 3021 512 3066 mus
555 3001 732 3088 cujus
774 3005 827 3070 si
866 3005 968 3071 hic
1008 3007 1389 3072 mentionem
1419 3009 1553 3073 fieri
1588 3009 1848 3086 mireris,
1890 3027 2063 3093 rogo,
2105 3027 2185 3071 ne
2212 3012 2355 3070 ante
2384 3027 2517 3071 rem
2545 3007 2709 3072 bene
2798 3072 2804 3079 ,

370 3099 680 3184 cognitam
722 3123 868 3168 eum
909 3103 1312 3183 interpretem
1342 3103 1603 3190 rejicias.
1670 3105 1822 3170 Jura
1848 3102 2264 3170 Eumenidum
2292 3101 2710 3187 Hegelius')

371 3194 460 3259 ait
501 3217 640 3262 esse
683 3198 987 3265 naturalia
1030 3198 1141 3264 illa
1191 3222 1353 3287 quae
1406 3200 1774 3285 cognatione
1815 3201 2092 3266 nitantur
2132 3206 2197 3263 et
2237 3198 2564 3283 sanguine,
2614 3197 2712 3263 his

369 3310 518 3355 vero
562 3291 745 3376 longe
789 3295 1110 3374 superiora
1152 3317 1289 3361 esse
1333 3318 1408 3361 ea
1451 3317 1610 3383 quae
1652 3296 1925 3361 animum
1966 3295 2306 3361 humanum
2348 3295 2525 3381 quasi
2567 3294 2714 3359 lon-

369 3394 503 3450 tem
541 3386 838 3466 habeant,
887 3389 1254 3477 legibusque
1297 3392 1733 3458 contineantur
1771 3413 1898 3458 non
1939 3415 1975 3458 a
2015 3399 2235 3457 natura
2276 3391 2387 3456 sed
2427 3413 2463 3456 a
2505 3398 2714 3456 mente

367 3483 788 3571 praescriptis,
829 3484 1032 3550 mariti
1061 3485 1197 3551 iura
1234 3493 1299 3552 et
1324 3487 1637 3574 principis.
1704 3491 1776 3554 In
1818 3490 1937 3554 illis
1967 3488 2219 3553 tuendis
2248 3494 2442 3552 totam
2471 3485 2716 3551 Eume-

368 3578 591 3643 “nidum
631 3580 697 3644 in
737 3581 834 3646 his
875 3581 1190 3649 Minervae
1233 3590 1298 3647 et
1323 3584 1632 3669 Apollinis
1673 3585 1938 3669 positam
1982 3603 2123 3649 esse
2165 3591 2467 3648 naturam.
2531 3581 2716 3648 Tales

368 3692 587 3764 revera
626 3677 810 3743 nobis
840 3677 1222 3743 Eumenides
1254 3679 1630 3768 Aeschylum
1659 3680 1911 3745 finxisse
1941 3680 2206 3746 doceant
2234 3686 2297 3745 te
2340 3699 2499 3765 quae
2541 3675 2714 3763 ipsae

376 3770 649 3853 Apollini
692 3773 769 3839 de
811 3795 1073 3840 munere
1115 3796 1328 3840 earum
1372 3776 1698 3862 quaerenti
1738 3776 2122 3864 respondent
2160 3776 2297 3860 (Eu.
2320 3771 2487 3858 210):

831 3872 991 3945 τούς
1033 3868 1443 3954 μητραλοίας
1487 3872 1564 3936 ἐκ
1609 3869 1834 3956 δόμων
1877 3869 2269 3956 ἐλαύνομεν

379 3964 444 4024 et
485 3962 881 4047 exprobranti
923 3965 997 4029 iis
1043 3966 1208 4051 quod
1239 3987 1365 4030 non
1396 3965 1613 4031 itidem
1642 3967 1719 4031 ab
1747 3986 1943 4033 uxore
1968 3985 2234 4047 poenam
2264 3963 2714 4052 poposcissent,

380 4074 541 4139 quae
581 4056 871 4125 maritum
914 4061 1328 4128 interfecisset
1368 4064 1577 4148 (212):

731 4154 863 4219 mix
906 4154 1001 4221 ἄν
1043 4152 1300 4242 ’γένοιθ’
1346 4158 1647 4245 δ’,ιιαιμος
1689 4155 2025 4241 αΰβὲνΐης
2069 4157 2288 4242 φόνῡς·
2305 4160 2395 4246 **)

523 4314 575 4372 ⁰)
615 4324 839 4373 Aestuet.
876 4330 941 4376 11.
979 4338 1059 4386 pn.
1089 4328 1172 4375 50.
1202 4328 1286 4380 51.

524 4384 607 4456 ⁶⁶),
644 4396 714 4453 si,
754 4409 884 4458 quae
922 4405 1091 4445 mutua
1129 4405 1265 4446 esset
1301 4404 1502 4447 deorum
1537 4401 1734 4451 illorum
1769 4402 1820 4448 in
1856 4402 2113 4458 tragoedia
2148 4405 2322 4449 nostra
2359 4397 2589 4459 contuitio,
2627 4408 2712 4444 us·

383 4467 531 4513 ‘luam
565 4469 800 4522 exposuit
822 4471 1133 4532 Aeschylus,
1169 4472 1216 4520 ld
1253 4483 1365 4522 etun
1401 4476 1496 4522 hoc
1531 4475 1643 4523 loco
1679 4473 1861 4524 (casse
1900 4479 2125 4533 apparet.
2174 4473 2338 4527 Quare
2374 4474 2437 4519 ab
2472 4473 2567 4517 hoc
2602 4470 2714 4516 loco
