2978 4869
1291 164 1724 227 ..60-

331 334 610 421 proxime
669 326 1069 398 accedentem
1131 336 1314 418 po‘eta
1375 348 1619 398 servare
1670 329 1889 416 potuit.
1988 329 2101 396 Est
2163 351 2237 396 ea
2290 331 2658 397 Welckeri

333 425 641 496 sententia
681 423 801 512 (pg.
843 428 962 511 39).

485 521 582 586 De
626 521 1025 607 Droysenii
1077 520 1559 608 Cyclopibus‚
1622 523 1698 587 de
1740 521 2152 588 Phorcidibus
2203 529 2266 586 et
2303 522 2664 589 Heliadibus

328 626 565 683 taceam
576 636 595 692 3
637 616 713 682 cf.
754 636 941 702 supra
979 619 1032 693 S.
1061 616 1120 701 9)
1164 619 1333 704 quod
1377 618 1452 683 ad
1485 617 1803 704 Satyros
1843 617 2083 695 attinet,
2111 615 2343 682 facilius
2364 618 2506 702 quis
2549 617 2666 683 de-

329 713 560 780 lectum
600 719 839 779 tantum
887 731 1106 777 eorum
1158 712 1223 777 in
1264 712 1611 779 dramatum
1654 714 2056 800 satyricorum
2105 712 2306 778 choris
2349 711 2665 777 induxisse

327 817 579 896 poetam
628 807 774 874 mihi
823 807 1223 892 persuaserit.
1305 809 1420 874 Est
1469 809 1634 874 enim
1687 830 1768 873 ne
1820 830 1859 873 a
1907 808 2205 894 religione
2250 808 2502 894 quidem
2546 807 2665 873 Sa-

329 914 606 993 tyrorum
644 922 945 971 numerus
995 901 1311 982 definitus,
1372 912 1522 977 sunt
1566 904 1800 991 ubique
1844 903 2044 990 Satyri
2096 910 2162 970 et
2200 923 2315 990 per
2366 924 2431 968 se
2471 902 2667 968 innu-

332 1000 675 1068 merabileS.

490 1292 663 1357 Haec
701 1290 889 1357 habui
937 1311 1097 1378 quae
1147 1292 1225 1357 de
1267 1291 1585 1377 religionis
1626 1290 1838 1357 infima
1886 1289 2050 1375 apud
2089 1287 2461 1375 Aeschylum
2511 1308 2670 1353 con-

333 1386 599 1465 ditione„
628 1407 752 1473 qua
792 1393 925 1452 tota
963 1407 1041 1453 ex
1081 1387 1257 1472 poesi
1299 1386 1619 1472 penderet,
1661 1386 1727 1450 in
1767 1384 2041 1450 medium
2080 1382 2445 1466 proferrem.
2522 1382 2671 1449 Scio

331 1502 433 1548 me
482 1482 691 1568 magni
743 1482 971 1548 laboris
1018 1482 1330 1549 minimam
1390 1478 1592 1546 adhuc
1651 1487 1891 1561 partem
1946 1480 2277 1564 peregisse.
2370 1479 2675 1564 Superest

334 1578 502 1646 enim
550 1585 624 1645 ut
665 1578 940 1644 secundo
989 1585 1053 1642 et
1100 1577 1283 1642 tertio
1325 1575 1525 1660 capite
1575 1573 1653 1638 de
1694 1573 1994 1659 religione
2047 1575 2226 1660 quasi
2274 1573 2433 1640 vires
2483 1592 2671 1637 resu-

334 1679 544 1739 mente
585 1679 649 1736 et
689 1672 935 1739 tandem
977 1672 1055 1736 ab
1097 1671 1247 1736 artis
1285 1669 1550 1738 vinculis
1591 1667 1848 1734 liberata
1888 1669 2146 1734 dicatur.
2228 1667 2354 1735 Sed
2403 1665 2674 1732 finienda

335 1766 454 1832 iam
495 1764 646 1831 mihi
686 1772 784 1830 est
822 1763 976 1831 haec
1017 1765 1400 1845 dissertatiO,
1450 1783 1614 1851 quae
1656 1765 1709 1829 si
1752 1786 1970 1832 novam
2013 1763 2319 1830 scribendi
2366 1764 2444 1828 de
2486 1760 2673 1827 theo-

334 1861 496 1947 logia
534 1859 820 1947 Aeschyli
863 1862 1168 1926 rationem
1209 1863 1352 1929 viris
1393 1859 1593 1925 doctis
1635 1861 2005 1942 probaverit,
2052 1860 2131 1926 ad
2173 1860 2359 1926 finem
2402 1855 2673 1924 ducendi

336 1958 543 2046 operis
579 1956 847 2026 inchoati
889 1955 1163 2025 officium
1206 1955 1356 2021 mihi
1398 1956 1694 2041 imponet.
