2978 4869
1217 208 1655 278 ’.49-

271 388 439 455 enim
467 406 600 466 eoS,
639 385 807 473 quod
838 385 955 471 ipsi
985 385 1293 451 senserint
1319 384 1625 472 Aeschylo
1654 380 1899 448 dedisse
1929 377 2230 463 suspicari
2260 382 2599 464 coepimus.

271 483 399 550 Sed
448 481 724 548 nondum
774 502 876 547 res
931 488 1026 547 est
1076 480 1407 567 dijudicata
1459 488 1523 545 et
1545 508 1548 513 ·
1568 487 1641 545 ut
1689 477 2064 564 dijudicetur
2111 478 2190 544 ad
2239 485 2602 564 argumenta

269 578 388 644 alia
430 577 770 663 detegenda
808 577 1045 664 ubique
1088 575 1639 657 circumspicimus.
1734 573 1849 639 Ubi
1890 592 2036 640 vero
2079 575 2132 639 si
2175 594 2336 660 quae
2380 592 2604 659 super-

270 683 442 752 sunt,
494 695 635 739 esse
688 680 987 755 poterunt
1025 671 1144 737 nisi
1186 671 1351 758 apud
1391 670 1765 758 Aeschylum
1817 669 2065 755 ipsum?
2144 670 2350 736 Unum
2392 689 2604 737 revera

269 792 438 836 nunc
487 768 673 834 etiam
723 769 810 835 ibi
860 768 1025 833 latet.
1134 770 1598 833 Hermannus
1649 765 1713 830 id
1761 766 2126 832 Muellero
2177 765 2405 852 objecit
2456 765 2521 848 (Ι.
2565 765 2602 827 l.

268 886 369 949 pg.
393 864 548 950 198).
629 866 920 947 Ineptum
968 862 1255 930 videlicet
1293 865 1763 929 Hermannus
1814 860 2045 926 iudicat
2084 881 2250 939 esse,
2301 859 2603 925 calculum

208 1002 213 1005 -
269 959 528 1041 insuper
553 959 800 1041 addere,
840 965 1171 1047 postquam
1213 979 1374 1045 quae
1408 952 1652 1038 parium
1695 956 2126 1041 suffragiorum
2167 956 2267 1022 lex
2308 977 2447 1021 esse
2489 954 2606 1020 de-

267 1057 448 1120 beret
480 1054 602 1146 iam
643 1055 843 1123 verbis
885 1055 1000 1120 dea
1034 1054 1314 1141 professa
1355 1054 1454 1118 sit.
1522 1059 1723 1119 Acute
1763 1052 1964 1117 fateor
2002 1058 2066 1117 et
2105 1052 2422 1137 ingeniose
2464 1072 2606 1116 mo-

268 1150 488 1216 nitum.
551 1152 757 1217 Habet
781 1157 991 1216 tamen
1016 1150 1432 1219 Muellerus
1473 1149 1553 1214 ad
1593 1148 1746 1214 haec
1788 1147 1973 1213 etiam
2008 1148 2178 1234 quod
2211 1148 2605 1234 respondeat.

267 1247 350 1311 Ut
375 1246 541 1310 enim
571 1253 807 1312 taceam
840 1245 1011 1331 quod
1053 1246 1193 1331 quis
1234 1245 1456 1310 merito
1500 1244 1707 1311 dicere
1737 1263 1924 1331 posse
1954 1243 2072 1308 sibi
2099 1242 2397 1321 videatur,
2440 1263 2605 1327 quo-

267 1341 601 1406 dammodo
641 1341 878 1406 calculo
919 1339 1044 1405 isto
1085 1340 1382 1426 majorem
1423 1339 1544 1424 legi
1585 1340 1826 1406 divinae
1853 1339 2281 1405 auctoritatem
2311 1345 2375 1403 et
2401 1359 2607 1423 quan-

268 1436 409 1502 dam
454 1435 605 1501 iuris
649 1437 922 1517 speciem
963 1435 1280 1514 accedere,
1321 1434 1548 1501 valebit
1586 1442 1753 1501 certe
1792 1434 1868 1500 ad
1890 1434 2270 1522 Aeschyleae
2313 1435 2462 1500 artis
2506 1432 2615 1498 in-'

268 1531 475 1597 dolem
517 1531 902 1617 provocatio,
951 1531 1187 1617 quippe
1229 1550 1390 1618 quae
1433 1529 1499 1594 in
1541 1550 1619 1594 eo
1670 1529 2063 1616 potissimum
2120 1530 2324 1612 posita
2377 1530 2485 1606 sit,
2535 1537 2609 1596 ut

267 1649 458 1713 quam
499 1627 765 1693 maxime
806 1627 884 1693 ad
925 1628 1249 1693 oculorum
1291 1646 1546 1692 sensum
1588 1626 1796 1691 omnia
1833 1634 2231 1705 revocentur,
2280 1625 2608 1690 sensibus-
2646 1634 2649 1639 ’

268 1743 396 1807 que
447 1720 855 1805 subjiciantur
905 1742 1067 1805 quae
1117 1742 1233 1806 per
1282 1741 1349 1785 se
1401 1720 1535 1784 sola
1581 1728 1790 1784 mente
1840 1722 2292 1788 contineantur.
2382 1720 2609 1786 Attulit

269 1815 457 1901 hujus
495 1835 655 1880 usus
674 1815 815 1882 Sch
829 1816 1102 1883 oellius
1149 1816 1330 1902 plura
1370 1815 1655 1900 exempla
1695 1814 1814 1899 (pg.
1837 1820 1973 1881 434.
1996 1818 2174 1902 435):
2218 1817 2454 1902 sagittis
2495 1838 2606 1884 va-

269 1926 448 1977 cuam
490 1911 717 1977 Xerxis
759 1912 1108 1999 pharetram
1151 1912 1343 1996 (Pers.
1375 1911 1822 1996 1016—1023),
1863 1911 2116 1996 pallium
2155 1933 2281 1997 quo
2322 1914 2608 2000 implica-

269 2016 404 2074 tum
445 2010 976 2091 Agamemnonem
1022 2028 1186 2075 uxor
1230 2014 1586 2087 necaverat,
1638 2008 1715 2072 ab
1756 2007 1984 2073 Oreste
2027 2027 2370 2089 expansum
2423 2007 2606 2093 (Cho.

267 2110 389 2171 980
410 2103 524 2190 sq.)
566 2109 631 2168 et
668 2111 813 2189 post
850 2103 970 2170 alia
1011 2105 1215 2190 ipsum
1257 2105 1334 2170 de
1377 2126 1506 2192 quo
1546 2125 1714 2170 nunc
1756 2123 1959 2169 sermo
2002 2109 2099 2168 est
2123 2103 2438 2172 Minervae
2477 2105 2609 2169 cal-

269 2200 499 2267 culum.
577 2202 870 2265 Attamen
920 2198 1239 2266 fatendum
1291 2208 1459 2265 certe
1510 2208 1676 2265 esset
1725 2198 1844 2264 hoc
1897 2199 2035 2264 loco
2089 2199 2297 2266 minus
2350 2200 2609 2265 feliciter

268 2296 434 2361 illam
486 2292 883 2379 symbolicam
938 2295 1243 2360 rationem
1306 2297 1382 2360 ab
1432 2295 1739 2382 Aeschylo
1803 2316 1942 2360 esse
2004 2295 2359 2363 adhibitam.
2449 2296 2607 2362 Nam

267 2391 401 2478 ipse
440 2390 562 2456 hoc
601 2389 790 2455 modo
831 2408 1044 2454 ansam
1086 2389 1387 2470 dedisset,
1434 2398 1508 2456 ut
1557 2412 1699 2457 cum
1741 2390 2018 2457 iudicum
2060 2390 2309 2457 calculis
2353 2391 2608 2478 symbo-

267 2488 423 2554 licus
450 2485 567 2551 'ille
607 2485 926 2553 Minervae
970 2485 1244 2552 calculus
1286 2485 1789 2552 confunderetur.
1879 2485 2059 2565 Quae
2102 2507 2298 2572 quum
2339 2487 2426 2551 ita
2468 2487 2607 2564 sint,

268 2583 891 2670 quantulumcunque
940 2581 1062 2646 isto
1101 2583 1511 2647 Hermanni
1562 2589 1932 2667 argumento
1981 2581 2276 2662 efficitur,
2329 2582 2607 2649 funditus

267 2679 330 2743 id
369 2678 503 2744 tolli
543 2689 670 2744 non
711 2676 962 2763 poterit.
1041 2676 1221 2756 Quae
1264 2678 1352 2744 vis
1394 2677 1458 2743 in
1501 2700 1579 2746 eo
1619 2678 1785 2758 insit,
1834 2679 2078 2765 egregie
2121 2701 2341 2766 eorum
2384 2679 2607 2765 aliquis

266 2774 574 2859 probavit,
637 2771 745 2857 qui
799 2777 966 2835 stant
1023 2791 1102 2835 ex
1152 2772 1405 2838 adversa
1454 2782 1665 2854 parte:
1707 2776 2203 2860 Droysenium
2256 2776 2414 2840 dico.
2486 2775 2607 2838 Hic

266 2869 434 2934 enim
476 2888 670 2953 quum
714 2865 1039 2944 sensisset,
1082 2888 1208 2933 non
1249 2868 1411 2933 bene
1453 2869 1761 2934 calculum
1803 2889 1840 2933 a
1878 2870 2155 2936 Minerva
2194 2869 2367 2947 addi,
2409 2890 2606 2955 quum

266 2964 571 3030 calculum
597 2962 861 3050 adjicere
895 2962 1090 3029 solius
1120 2963 1604 3057 iudicisnlegem
1639 2964 1949 3031 iudicandi
1971 2964 2396 3047 praescribere
2418 2987 2606 3053 prae-

269 3059 419 3122 sidis
459 3065 656 3136 esset,
716 3058 1015 3126 vertendo
1069 3058 1132 3122 in
1172 3060 1564 3126 vernaculam
1622 3060 1895 3146 linguam
1947 3053 2372 3128 difficultatem
2426 3064 2604 3128 istam

264 3172 586 3221 removere
628 3160 890 3219 conatus
931 3160 1043 3219 est.
1100 3163 1352 3237 ’ψῆφον
1388 3154 1601 3239 itaque
1634 3158 1707 3221 V.
1728 3162 1865 3222 735.
1908 3156 2278 3221 Germanice
2309 3156 2605 3223 reddidit:

264 3249 654 3336 ,‚Spruch“,
673 3269 890 3317 versus
901 3255 1235 3336 sequentes
1248 3252 1489 3315 736--7
1491 3253 1569 3315 40
1579 3249 2022 3337 interjectionis
2043 3252 2183 3318 loco
2204 3251 2442 3332 hab'uit,
2462 3274 2606 3320 ver—

265 3366 402 3411 sum
445 3345 715 3432 denique
744 3349 860 3412 '741
903 3346 992 3410 sic
1034 3345 1477 3427 interpretatus
1517 3352 1614 3410 est
1642 3346 1771 3411 acsi
1806 3348 2148 3414 sententiae
2181 3347 2348 3414 illius
2390 3349 2463 3414 V.
2486 3354 2605 3415 735

261 3440 716 3526 expositionem
778 3440 1142 3505 contineret.
1236 3440 1396 3520 Quis
1458 3461 1587 3506 non
1632 3442 1828 3522 videt,
1890 3443 2119 3510 frustra
2171 3444 2601 3510 doctissimum

260 3534 458 3601 virum
488 3535 853 3601 laborasse?
913 3534 1031 3600 Cui
1075 3534 1242 3600 enim
1284 3535 1349 3598 in
1391 3545 1661 3602 mentem
1702 3538 1914 3605 venire
1941 3539 2192 3621 poterit,
2233 3539 2603 3605 vocabulum

259 3638 486 3713 ψῆφος
535 3630 829 3715 singulari
879 3631 983 3697 illa
1031 3637 1342 3717 potestate
1384 3632 1470 3698 ibi
1509 3643 1879 3718 usurpatum
1920 3654 2090 3711 esse,
2138 3634 2248 3700 ubi
2289 3633 2355 3697 in
2395 3633 2603 3701 medio

262 3725 494 3791 iudicio
543 3745 888 3805 versamur,
947 3726 1057 3791 ubi
1110 3725 1189 3791 de
1238 3726 1511 3793 ferendis
1562 3728 1865 3814 suffragiis
1917 3728 2156 3814 ubique
2208 3735 2305 3796 est
2353 3734 2605 3797 sermo?

262 3818 423 3898 Quis
464 3821 601 3887 solo
637 3843 822 3890 versu
861 3825 981 3889 735
1025 3820 1186 3886 hanc
1227 3821 1737 3906 significationem
1778 3822 1982 3890 valere
2026 3822 2141 3887 sibi
2184 3827 2602 3911 persuadebit,

261 3934 457 4000 quum
498 3916 679 4001 longe
721 3918 839 3984 alia
880 3938 1080 4005 eaque
1121 3916 1387 4002 vulgaris
1427 3927 1639 4007 aperte
1678 3919 1876 3988 valeat
1914 3919 1986 3984 V.
2016 3923 2133 3985 ¹741
2174 3919 2602 4011 (ἰσόψηφος),

260 4013 379 4076 748
419 4008 728 4100 (ἐκβολὰς
769 4012 1042 4103 ψήφων)
1085 4021 1150 4079 et
1186 4017 1346 4081 751?

419 4106 601 4185 Quae
655 4125 848 4191 quum
898 4108 984 4173 ita
1037 4108 1162 4175 sint
1213 4147 1287 4159 -
1338 4118 1412 4178 ut
1463 4132 1770 4178 summam
1825 4111 2123 4181 faciamus
2164 4109 2600 4199 disputationis

261 4208 510 4267 nostrae
562 4236 643 4248 —
696 4222 812 4266 nos
873 4224 1000 4267 non
1050 4225 1418 4286 possumUS,
1481 4207 1636 4293 quin
1687 4208 2111 4275 Hermanno
2170 4206 2597 4275 assentiamur.

260 4298 405 4376 ReS,
444 4297 511 4362 ni
552 4296 725 4364 valde
767 4296 945 4363 fallor
985 4321 1062 4365 eo
1105 4302 1404 4386 perducta
1445 4309 1562 4379 est,
1603 4311 1675 4368 ut
1714 4304 1877 4370 viros
1922 4306 2139 4371 doctos
2175 4304 2334 4366 inter
2361 4322 2428 4366 se
2458 4321 2598 4365 cer-

260 4400 459 4459 tantes
501 4414 627 4459 non
669 4394 933 4482 amplius
974 4395 1125 4462 velis
1166 4398 1412 4463 morari.
1474 4398 1570 4465 Sit
1613 4398 1800 4484 igitur
1839 4402 2099 4465 missum
2142 4403 2472 4472 certamen,
2516 4397 2600 4459 ita

258 4495 491 4570 tamen,
538 4498 611 4558 ut
664 4513 794 4559 uno
844 4493 1305 4571 tantummodo,
1359 4515 1561 4580 eoque
1619 4497 1921 4581 probabili
1975 4492 2257 4577 quidem,
2311 4493 2420 4557 sed
2473 4513 2596 4556 non

2137 4595 2176 4645 4
