2978 4869
1309 204 1743 268 ...26⁶-

517 370 859 455 Tragoedia
889 390 1081 455 porro
1108 371 1206 436 cui
1250 371 1466 438 Circe
1506 395 1735 441 nomen
1763 375 1935 442 dedit
1970 377 2249 463 profecto
2292 377 2470 442 deam
2513 377 2688 443 istam

357 472 745 553 praesentem
795 465 1012 531 habuit
1060 487 1266 553 neque
1307 469 1440 534 sine
1481 471 1759 537 Proteo
1809 472 1927 537 fuit
1964 473 2230 538 Proteus
2272 473 2483 539 drama
2525 474 2690 559 saty-
2817 524 2820 527 -
2945 514 2946 519 κ

326 561 587 637 wicum,
628 582 743 626 nec
766 560 972 627 Cabiri
1004 562 1138 627 sine
1160 562 1469 629 Cabiris.
1512 567 1777 631 Possum
1812 567 2222 634 Phorcides
2253 570 2512 647 addere,
2542 569 2690 633 He-

360 656 555 723 liade
572 678 620 735 S,
662 657 799 722 alia.
870 659 1068 722 Immo
1092 659 1388 726 Proteum
1428 660 1690 727 fortasse
1732 685 1807 728 ex
1849 663 1967 729 alia
1993 664 2188 730 forma
2216 666 2278 729 in
2310 665 2491 730 aliam
2522 685 2702 729 sem--

354 773 467 839 per
505 759 925 818 transeuntem
967 753 1277 821 theatrum
1319 757 1594 824 ostendit
1633 755 1735 841 (cf.
1776 758 1930 824 Plat.
1982 761 2136 846 Rep.
2185 769 2243 826 2.
2295 783 2395 847 pg.
2434 767 2572 828 381.
2616 762 2691 824 1).

356 855 422 912 et
449 848 708 913 Stallb.
760 849 838 912 ad
859 848 916 913 h.
940 849 998 934 Ι.)
1082 851 1332 929 Quanta
1382 852 1548 917 enim
1592 853 1671 917 sit
1711 873 1901 919 ausus
1941 865 2127 941 poeta
2170 857 2286 924 Jus
2329 857 2531 922 discas
2573 877 2689 920 ex-

353 943 589 1028 emplo,
640 964 827 1029 quam
868 945 1040 1012 bovis
1090 948 1302 1013 nescio
1345 948 1663 1034 quomodo
1710 947 1968 1014 formam
2012 952 2373 1018 reddentem
2425 953 2489 1017 in
2529 952 2693 1016 Pro·-

354 1038 603 1103 metheo
655 1038 920 1119 induxit,
972 1041 1173 1106 discas
1226 1044 1412 1108 etiam
1465 1043 1729 1110 Glauci
1780 1047 2067 1131 exemplo
2120 1069 2305 1134 quem
2359 1046 2693 1134 quominus

355 1156 393 1199 a
442 1154 627 1198 scena
676 1134 945 1201 alienum
994 1137 1184 1203 fuisse
1225 1139 1551 1206 credamus
1592 1141 1777 1207 verba
1815 1147 2051 1220 vetant,
2105 1163 2267 1229 quae
2313 1152 2458 1210 sunt
2498 1141 2693 1228 ipsius

353 1229 430 1295 de
475 1251 540 1295 se
583 1231 895 1318 loquentis
937 1231 1035 1316 (fg.
1077 1238 1156 1299 25
1197 1241 1261 1298 et
1300 1233 1396 1318 28)
1439 1234 1617 1321 cujus
1658 1235 1917 1302 formam
1965 1238 2153 1305 verba
2192 1238 2478 1324 Aeschyli
2531 1235 2694 1322 apud

352 1324 679 1412 Phrynich.
743 1327 1127 1413 describunt:
1189 1328 1656 1412 ἀνβρωποειὸὲς
1711 1331 1949 1416 θηρίον
1999 1331 2197 1399 «ὕδατι
2253 1340 2479 1412 συζῶν
2528 1331 2689 1416 (fgm.

352 1430 431 1487 21
475 1421 548 1487 cf.
590 1420 775 1486 etiam
815 1422 958 1507 l'gm.
999 1424 1119 1510 27.)
1180 1423 1534 1490 Chironis
1575 1424 1863 1504 formam,
1907 1449 2095 1512 quem
2125 1429 2189 1492 in
2225 1428 2408 1493 tertia
2425 1428 2692 1493 Prome-

356 1516 484 1583 thei
543 1515 749 1582 fabula
797 1518 988 1585 fuisse
1040 1542 1117 1585 ex
1165 1521 1372 1584 Prom.
1417 1525 1574 1585 1026
1616 1540 1706 1605 sq.
1750 1529 1815 1585 et
1852 1522 2138 1606 Apollod.
2182 1522 2289 1600 (Il,
2331 1544 2383 1585 c.
2424 1528 2481 1586 5.
2525 1544 2572 1587 s.
2618 1528 2691 1586 11

351 1618 404 1691 ς.
449 1621 525 1678 12
566 1634 626 1699 p.
671 1617 787 1680 197
827 1614 922 1679 ed.
963 1614 1199 1700 Heyne)
1243 1614 1607 1700 conjiciunt,
1651 1615 2032 1701 eerschylo
2074 1638 2198 1681 non
2244 1617 2693 1700 cognoscimus.

512 1713 896 1795 Apparatum
947 1729 1092 1774 vero
1143 1709 1458 1775 scenicum
1510 1729 1638 1774 non
1698 1709 2077 1777 mediocrem
2118 1711 2343 1788 fuisse,
2402 1711 2522 1774 nisi
2562 1710 2693 1777 Mi-

350 1822 578 1871 nervae
622 1824 840 1869 currus
869 1803 996 1890 jam
1035 1804 1368 1884 docuisset,
1410 1805 2000 1884 doceretOceani,
2040 1806 2695 1894 Nympharumque

353 1906 630 1966 ornatus.
712 1899 1004 1966 Oceanus
1046 1900 1210 1965 enim
1253 1921 1443 1966 senex
1497 1922 1746 1966 scenam
1787 1901 2159 1987 ingreditur,
2209 1902 2352 1967 alite
2394 1900 2696 1968 invehens

353 1997 580 2083 (Prom.
621 1995 758 2081 285)
803 1996 1206 2083 quadrupede
1249 1995 1348 2081 (ih.
1391 1996 1529 2081 394)
1573 2017 1758 2082 quem
1805 1996 2017 2083 jussu,
2068 2019 2194 2063 non
2244 1997 2421 2062 freno
2470 1996 2695 2060 mode-

355 2101 555 2166 ratur;
598 2090 998 2157 Oceanitides
1041 2091 1349 2170 similiter,
1391 2092 1620 2156 nescio'
1644 2099 1854 2157 utrum
1896 2113 2085 2158 curru
2122 2114 2251 2158 uno
2292 2098 2533 2157 tantum
2577 2090 2695 2155 ali-

355 2187 526 2252 tibus
559 2186 779 2272 juncto
830 2208 909 2252 an
951 2188 1262 2273 pluribus,
1311 2208 1424 2274 per
1463 2195 1672 2252 a‘erem
1713 2186 2000 2253 advolant
2040 2187 2140 2273 (ib.
2188 2194 2319 2255 128.
2363 2190 2497 2253 135.
2538 2187 2698 2269 279.)

353 2282 550 2351 Sedes
601 2288 818 2368 postea
867 2283 1231 2369 relinquunt
1282 2290 1345 2349 et
1396 2283 1581 2349 nudis
1634 2282 1734 2367 (ib.
1778 2283 1915 2367 135)
1966 2282 2229 2370 pedibus
2280 2291 2509 2349 terram
2550 2290 2698 2348 tan-

354 2387 510 2466 gunt
549 2399 832 2445 saxosam
875 2377 977 2463 (ib.
1018 2379 1176 2466 279.)
1221 2417 1295 2427 --

509 2476 744 2540 Eadem
765 2475 1121 2541 Promethei
1147 2476 1351 2543 fabula
1376 2476 1812 2552 Vulcanum,
1832 2471 2023 2552 Βίαν,
2044 2472 2320 2558 Κράτος,
2363 2476 2698 2561 ipsumque

354 2571 625 2671 denique
666 2569 1192 2638 Prometheum
1235 2570 1525 2639 ostendit.
1564 2605 1645 2618 --
1685 2570 2000 2636 Vulcanus
2052 2568 2208 2634 fabri
2249 2590 2507 2635 munere
2548 2569 2700 2634 fun-

334 2665 547 2753 gitur,
598 2666 676 2730 de
736 2665 1033 2730 comitum
1089 2667 1224 2753 ejus
1274 2665 1493 2730 habitu
1530 2665 1626 2731 vel
1668 2686 1746 2730 ex
1786 2665 1924 2750 ipso
1966 2663 2217 2730 nomine
2252 2665 2534 2752 judicare
2574 2686 2699 2751 po-

356 2762 535 2840 teriS,
604 2781 719 2826 nec
768 2760 976 2826 fallere
1027 2784 1142 2828 nos
1194 2784 1271 2828 ex
1318 2759 1522 2845 verbis
1572 2768 1894 2869 praeterea
1932 2761 2205 2827 Roboris
2246 2761 2364 2846 (sic
2403 2761 2571 2827 enim
2615 2760 2699 2823 li·-

356 2865 499 2925 *ceat
535 2857 932 2944 interpretari
972 2856 1243 2948 Κράτος)
1286 2857 1362 2922 de
1405 2838 1605 2920 forma
1647 2856 1782 2942 ejus
1816 2856 2121 2942 judicium
2164 2865 2512 2935 sumenteS,
2563 2856 2701 2941 ipse

356 2954 672 3019 Vulcanus
714 2960 812 3017 est
850 2954 1057 3017 testis:
1112 2952 1335 3037 δ’μοια,
1376 2950 1609 3036 inquit,
1670 2958 1894 3036 μορφῇ·
1933 2950 2221 3033 γλῶσσά
2279 2977 2417 3016 σου
2459 2948 2702 3034 ampfnig-

355 3077 466 3115 ται
520 3047 690 3133 (Pro.
731 3047 861 3133 78.)
944 3047 1054 3112 Vis
1097 3067 1273 3123 vero,
1324 3046 1388 3110 id
1429 3053 1528 3109 est
1564 3040 1699 3121 Βία,
1749 3049 1847 3107 est
1893 3049 2067 3107 muta
2117 3064 2412 3129 persona,
2462 3043 2705 3108 Robori

356 3142 521 3209 haud
563 3142 751 3209 dubie
794 3143 1120 3208 simillima.
1183 3140 1476 3207 Ceterum
1517 3157 1886 3225 persuasum
1926 3136 2177 3218 habeas,
2219 3140 2408 3206 alium
2449 3146 2702 3225 poetam

357 3261 486 3304 non
527 3260 827 3305 ausurum
856 3239 1047 3305 fuisse
1078 3258 1337 3325 corpore
1379 3236 1652 3309 induto&
1690 3232 1963 3300 viventes
2007 3240 2072 3298 et
2107 3243 2361 3319 agentes
2404 3235 2555 3300 istos
2597 3233 2702 3299 in·-

358 3333 586 3400 ducere
629 3334 801 3411 deoS,
843 3334 1071 3419 quibus
1111 3332 1211 3398 vix
1252 3329 1580 3416 cogitando
1614 3327 1896 3393 divinitas
1938 3330 2301 3396 conceditur
2313 3332 2376 3415 *).
2416 3366 2498 3378 --
2535 3331 2703 3395 Pro-

357 3429 641 3495 metheus
691 3429 824 3514 ipse
878 3449 1026 3493 saxo
1088 3426 1308 3492 affixus
1356 3434 1425 3491 et
1472 3425 1768 3490 immotus
1821 3422 2054 3490 haeret.
2134 3425 2230 3490 De
2272 3425 2521 3512 reliquo
2563 3423 2702 3511 ejus

358 3526 578 3592 habitu
618 3524 768 3590 nihil
811 3529 998 3610 po'eta
1038 3521 1344 3589 indicavit.
1383 3556 1466 3569 —

515 3623 654 3686 Jam
697 3621 774 3685 de
815 3618 1067 3685 Furiis
1108 3618 1185 3684 ab
1227 3617 1533 3704 Aeschylo
1587 3616 1652 3680 in
1695 3635 1942 3680 scenam
1995 3613 2195 3678 ductis
2236 3621 2524 3701 superest
2563 3635 2705 3680 ma-

360 3738 480 3802 gna
521 3716 822 3804 quaestio.
898 3717 1000 3781 De
1043 3734 1302 3780 numero
1354 3711 1608 3799 quidem
1651 3710 1904 3777 dearum
1954 3730 2081 3774 non
2124 3729 2283 3795 opus
2325 3718 2424 3774 est
2459 3718 2534 3775 ut
2571 3708 2704 3775 lar-

360 3812 500 3897 gius
542 3833 942 3899 exponamus.
1011 3812 1168 3877 Nam
1211 3829 1406 3895 quum
1434 3806 1708 3890 Pollucis
1738 3806 1815 3892 (4,
1859 3806 1992 3890 110)
2031 3805 2367 3870 auctoritas
2402 3813 2474 3870 ut
2510 3805 2705 3892 quin·-

360 3908 657 3994 quaginta
706 3908 893 3973 furias
944 3904 1364 3973 Eumenidum
1426 3902 1616 3968 choro
1668 3901 2079 3967 attribuerent
2136 3899 2366 3965 multos
2417 3921 2702 3966 commo-

361 4003 574 4080 visset,
611 4002 973 4068 fabulatoris
1004 4023 1142 4068 eam
1171 4021 1308 4067 esse
1336 3997 1768 4064 auctoritatem
1790 3997 2263 4061 Hermannus
2283 3996 2560 4061 ostendit
2582 3996 2704 4081 (De

362 4097 554 4164 choro
566 4099 748 4164 Eum.
763 4098 1086 4184 Opusc.11.
1098 4119 1158 4183 p.
1171 4102 1286 4164 128
1300 4095 1414 4182 sq.)
1454 4094 1737 4166 Fuerunt
1759 4091 1924 4158 haud
1951 4089 2136 4157 dubie
2160 4090 2515 4177 quindecim
2535 4092 2704 4177 apud

361 4193 735 4281 Aeschylum
787 4193 997 4260 furiae.
1095 4193 1274 4271 Quae
1323 4210 1472 4285 xero
1524 4189 1605 4256 sit
1654 4188 1744 4257 vis
1795 4187 1930 4274 ejus
1987 4187 2230 4254 numeri
2272 4187 2349 4254 ad
2391 4186 2702 4253 conditio-

505 4424 564 4483 ⁴¹)
611 4438 698 4479 sun
700 4439 734 4478 11
780 4434 914 4489 apud
961 4432 1206 4492 Hesiod-
1256 4434 1441 4489 Theos.
1494 4428 1596 4480 385
1644 4434 1692 4478 et
1739 4439 1824 4488 ap.
1872 4427 2109 4479 callim.
2156 4431 2325 4484 hymn.
2373 4426 2425 4476 in
2460 4428 2571 4475 δον.
2609 4423 2702 4475 67.

368 4485 462 4555 (BC
439 4511 501 4544 ια
537 4507 585 4548 et
610 4491 801 4567 Κοίρτο
770 4503 876 4560 ο.ς)
