2978 4869
1297 168 1736 234 „40-

346 345 706 421 argumenta
738 339 966 425 quibus
998 338 1383 407 defendatur.
1445 337 1605 404 Mihi
1635 337 1887 425 quidem
1923 338 1985 405 in
2018 344 2290 402 mentem
2322 337 2489 404 venit
2518 337 2681 423 quod

345 433 725 514 saepissime
749 434 815 499 in
856 435 1044 500 rebus
1084 434 1373 500 humanis
1416 434 1657 499 accidit.
1721 434 1929 499 Vincit
1968 434 2338 521 plerumque
2380 455 2480 499 res
2522 435 2687 498 bona

345 530 627 615 quamvis
679 530 931 595 minime
980 532 1056 596 ab
1108 530 1464 596 hominibus
1514 539 1869 617 perspecta,
1922 537 2144 616 estque
2199 551 2274 595 ea
2322 552 2449 595 non
2490 529 2685 596 virtus

346 625 458 690 sed
500 625 731 691 donum
774 625 1086 713 quoddam
1129 626 1484 692 hominihus
1527 647 1677 707 prae
1713 627 1935 692 ceteris
1964 626 2211 711 ingenio
2245 625 2686 691 excellentibus

346 742 383 785 a
425 721 543 786 deo
586 723 828 800 datum,
886 729 986 799 ut,
1046 722 1214 808 quod
1267 744 1408 788 sero
1461 723 1714 788 demum
1766 743 1955 808 quam
2006 723 2086 787 sit
2136 729 2376 787 rectum
2427 729 2492 787 et
2530 719 2686 786 utile

346 817 424 882 ab
468 818 601 883 aliis
645 817 1064 904 cognoscitur,
1117 840 1195 885 eo
1245 818 1338 885 vel
1391 818 1584 884 nescii
1638 818 1696 885 vi
1744 817 2011 904 quadam
2054 819 2294 884 interna
2335 825 2398 882 et
2437 817 2687 893 latente,

346 913 647 980 instinctu
686 913 868 1001 quasi
911 912 1202 983 ferantur.
1285 915 1454 979 Idem
1499 914 1747 1001 quoties
1786 913 2074 1000 Aeschyli
2114 914 2492 980 Eumenides
2533 932 2688 995 per-

345 1008 468 1094 legi
510 1010 785 1092 Apollini
826 1018 889 1075 et
926 1011 1244 1078 Minervae
1286 1011 1584 1076 accidisse
1627 1011 1776 1075 mihi
1818 1010 2015 1078 visum
2060 1018 2172 1076 est.
2242 1010 2439 1076 Caute
2481 1010 2689 1095 ipsum

344 1105 721 1193 Aeschylum
762 1105 1044 1192 ejusdem
1086 1108 1307 1194 culpae
1346 1143 1425 1153 —-
1470 1107 1521 1172 si
1565 1115 1660 1172 est
1685 1107 1875 1193 'culpa
1913 1143 1996 1154 -—
2035 1128 2211 1172 reum
2253 1107 2454 1171 facere
2498 1105 2690 1170 dubi-

346 1202 486 1279 tavi,
530 1203 765 1289 quippe
806 1204 934 1289 qui,
977 1204 1147 1290 quod
1189 1203 1569 1289 argumentis
1604 1203 1883 1270 Minerva
1924 1202 2155 1280 debuit,
2198 1202 2261 1266 id
2297 1209 2427 1266 arte
2459 1221 2573 1267 sua
2604 1200 2689 1265 ita

344 1297 702 1382 perfecerit,
752 1306 825 1365 ut
876 1298 1056 1365 deam
1097 1300 1305 1383 possis
1350 1300 1788 1385 sapientiorem
1832 1299 2214 1376 desiderare,
2260 1305 2509 1382 poetam
2561 1318 2690 1362 non

343 1393 572 1474 possiS.
668 1394 875 1473 Quam
925 1398 1091 1462 enim
1135 1395 1514 1482 argumentis
1556 1396 1763 1461 minus
1802 1395 2081 1462 Minerva
2124 1393 2488 1476 sapientiam
2530 1414 2691 1475 pro-

349 1488 535 1566 didit,
588 1510 737 1555 eam.
776 1512 845 1556 re
897 1494 1194 1579 probavit.
1287 1493 1445 1559 Nam
1496 1512 1701 1560 veram
1753 1512 1947 1577 quum
1992 1511 2129 1555 eam
2170 1497 2413 1554 tantum
2454 1489 2547 1554 rei
2589 1487 2692 1552 di-

339 1583 787 1670 judicationem
842 1608 982 1654 esse
1034 1589 1358 1666 sensisset,
1390 1611 1546 1675 ‘qua
1597 1587 2015 1653 Eumenidum
2060 1585 2202 1671 jura
2253 1606 2381 1650 non
2430 1604 2692 1669 prorsus

345 1679 715 1747 tollerentur
763 1689 828 1747 et
879 1682 955 1747 ad
998 1683 1251 1750 irritum
1282 1685 1741 1770 redigerentur,
1796 1683 1906 1748 sed
1949 1682 2012 1746 in
2053 1681 2193 1746 loco
2234 1679 2526 1745 inferiore
2567 1700 2694 1758 po-

347 1783 682 1856 nerentur,
733 1777 1114 1844 Eumenides
1167 1802 1353 1867 quam
1403 1777 2028 1846 honorificentissime
2071 1776 2331 1855 dimisit,
2385 1774 2696 1860 subjectas

349 1872 607 1959 quidem
650 1880 715 1938 et
756 1872 1077 1939 inferiores
1120 1875 1253 1940 deis
1296 1876 1751 1942 recentioribus
1794 1872 1905 1938 sed
1945 1871 2299 1938 conciliatas
2339 1878 2550 1936 tamen
2592 1877 2695 1935 at-

348 1988 473 2054 que
523 1969 851 2054 potestatis
902 1976 966 2034 et
1016 1969 1274 2035 honoris
1324 1972 1578 2038 minime
1634 1975 1939 2052 experteS.
1992 2004 2069 2016 -
2137 1967 2338 2053 Magis
2389 1967 2574 2031 etiam
2622 1974 2697 2031 ιιι

347 2063 693 2150 iniquitatis
746 2065 1016 2150 speciem
1069 2087 1105 2130 a
1156 2065 1385 2132 iudicio
1438 2067 1545 2132 illo
1595 2072 1974 2142 removeret,
2030 2063 2439 2148 Areopagitas
2492 2064 2697 2127 intro-

350 2159 560 2235 duxit,
604 2159 1004 2245 iustitiaeque
1046 2160 1277 2226 formas
1321 2163 1595 2229 imitatus
1637 2168 1750 2227 est.

510 2255 633 2321 Sed
675 2255 753 2320 de
794 2254 1024 2320 iudicio
1066 2257 1187 2322 isto
1228 2258 1546 2344 quomodo
1587 2257 1860 2323 iudicare
1901 2258 2137 2344 possim
2179 2277 2305 2321 non
2353 2254 2534 2322 video
2574 2254 2694 2319 nisi

350 2351 770 2437 gravissimam
825 2351 988 2416 illam
1042 2354 1471 2440 quaestionem
1536 2355 1620 2419 de
1683 2354 1972 2420 calculo
2016 2353 2396 2419 Minervae
2458 2373 2494 2416 a
2550 2349 2697 2416 viris

350 2446 550 2512 doctis
587 2448 987 2515 vehementer
1012 2458 1310 2532 vexatam,
1349 2459 1423 2518 ut
1449 2451 1600 2517 mihi
1630 2459 1839 2516 tamen
1864 2449 2108 2517 videtur
2133 2451 2411 2515 nondum
2440 2446 2698 2513 omnino

352 2543 717 2622 absolutam,
758 2554 1056 2627 repetam.

513 2639 720 2718 Quam
752 2641 1015 2727 {jamjam
1069 2642 1171 2707 alii
1223 2642 1302 2707 de
1343 2644 1657 2712 Minervae
1708 2644 1943 2710 calculo
1997 2642 2362 2708 sententiam
2414 2629 2701 2726 protule-

352 2742 518 2814 rant,
558 2756 698 2800 eam
740 2758 941 2822 nuper
982 2738 1067 2804 ita
1106 2739 1525 2807 Muellerus
1566 2740 1886 2828 professus
1929 2747 2054 2818 est,
2102 2748 2175 2805 ut
2214 2738 2398 2803 latius
2439 2757 2584 2801 mox
2626 2756 2700 2799 ea

353 2830 432 2895 de
493 2851 562 2896 re
625 2840 939 2898 certamen
1001 2843 1298 2916 serperet.
1391 2836 1730 2903 Contendit
1779 2837 1943 2902 enim
2004 2835 2097 2902 vir
2147 2833 2461 2898 doctrinae
2524 2831 2702 2916 copia

354 2926 603 2991 dubites
647 2950 725 2992 an
767 2928 997 3012 ingenii
1048 2930 1179 2995 acie
1221 2933 1631 3015 praestantior
1669 2953 1884 3014 parem
1925 2930 2200 2996 iudicum
2242 2947 2573 2993 numerum
2623 2926 2703 2992 ad

355 3020 600 3087 Orestis
652 3029 719 3088 et
767 3023 843 3087 ad
891 3024 1309 3090 Eumenidum
1359 3036 1567 3113 partes
1610 3028 1867 3106 abiisse,
1930 3028 2014 3092 ita
2063 3033 2135 3092 ut
2187 3023 2396 3090 addito
2448 3023 2701 3088 demum

354 3118 541 3184 tertio
584 3118 827 3186 decimo
855 3119 1171 3188 Minervae
1217 3121 1450 3188 calculo
1496 3123 1571 3187 ad
1600 3124 1929 3190 duodecim
1972 3122 2247 3190 iudicum
2290 3119 2557 3187 calculos
2599 3141 2702 3185 res

354 3214 445 3278 illi
485 3214 749 3282 feliciter
787 3215 1096 3281 cessisset.
1180 3218 1370 3297 Quod
1411 3240 1488 3284 eo
1533 3220 1737 3284 effecit
1773 3227 1846 3284 ut
1887 3241 2073 3305 quem
2114 3241 2168 3284 v.
2208 3222 2346 3283 735.
2392 3217 2704 3302 sumpsis-

357 3316 453 3374 set
494 3309 817 3390 calculum,
859 3332 1002 3376 eum
1042 3334 1096 3379 v.
1137 3317 1276 3383 752.
1319 3315 1570 3381 demum
1610 3314 1868 3401 reliquis
1910 3315 2088 3380 deam
2132 3312 2431 3399 adjecisse
2473 3312 2706 3378 diceret

516 3504 1045 3588 Argumentorum
1088 3526 1248 3591 quae
1289 3514 1503 3572 contra
1546 3508 1727 3574 allata
1770 3516 1916 3573 sunt
1957 3528 2030 3571 ea
2070 3507 2341 3591 primum
2384 3525 2545 3591 quae
2588 3525 2705 3568 ex—

357 3604 533 3663 terna
577 3598 869 3665 dicuntur
918 3600 981 3664 in
1031 3621 1302 3687 pugnam
1353 3604 1746 3669 descendant.
1839 3605 1889 3667 F
1898 3603 2083 3667 ritzs
2100 3600 2405 3687 chium“)
2456 3600 2706 3687 praeci-

359 3693 551 3778 pitem
592 3696 873 3762 videmus
936 3696 999 3761 in
1051 3697 1247 3762 aciem
1299 3708 1605 3766 ruentem.
1686 3700 1747 3764 Is
1794 3693 1872 3764 ab
1925 3697 2125 3784 ipsius
2165 3697 2451 3784 Aeschyli
2502 3697 2706 3764 verbis

358 3787 604 3854 initium
626 3792 792 3870 facit,
834 3813 1041 3878 neque
1083 3793 1200 3858 alia
1242 3815 1358 3859 nos
1380 3803 1743 3880 argumenta
1779 3794 2071 3859 libentius
2102 3793 2457 3879 accipimus.
2499 3795 2549 3857 F
2553 3800 2705 3859 utu-

361 3905 500 3949 rum
545 3885 798 3970 quidem
843 3889 1013 3973 quod
1057 3888 1285 3974 legitur
1324 3912 1377 3957 v.
1421 3895 1557 3957 435.
1608 3887 2086 3974 προσθήσομαι
2131 3910 2336 3975 neque
2390 3890 2523 3976 ipse
2566 3911 2704 3954 ma-

361 3979 464 4064 gni
508 3979 719 4055 faciet:
762 3984 871 4048 sed
893 4006 1138 4051 versum
1166 3989 1284 4051 741
1329 3985 1576 4071 egregie
1619 3983 1865 4069 frigerev
1888 3984 2221 4063 contendit,
2265 3984 2316 4049 si
2357 4005 2542 4052 versu
2583 3986 2703 4050 iam

357 4082 477 4143 735
519 4077 634 4144 dea
676 4078 884 4144 album
927 4081 1227 4148 calculum
1271 4087 1519 4171 praeter
1558 4079 1792 4146 iustum
1822 4101 2091 4167 eumque
2132 4102 2341 4167 parem
2374 4077 2705 4166 suffragio-

502 4338 554 4404 “)
605 4348 668 4396 cf.
716 4349 989 4396 Censuram
1033 4349 1144 4396 libri
1179 4350 1625 4408 Muelleriani,
1672 4361 1821 4405 quam
1865 4353 1961 4399 hoc
2004 4350 2145 4398 titulo
2193 4350 2366 4397 edidit:
2423 4348 2705 4396 Recension

365 4415 452 4460 «les
488 4418 673 4464 Buch's
711 4422 997 4478 Aeschylos
1032 4422 1332 4468 Eumeniden
1384 4434 1483 4469 von
1520 4423 1583 4468 Κ.
1621 4423 1679 4467 Ο.
1716 4425 2012 4485 Mueller,
2062 4435 2159 4471 von
2198 4422 2355 4470 einem
2393 4419 2702 4476 philologum.
2747 4455 2752 4462 .

363 4485 467 4530 Der
505 4487 784 4538 Recension
800 4496 980 4541 ‘crster
1018 4491 1226 4541 Artikel.
1302 4494 1513 4553 Leipzig
1551 4490 1706 4542 1834.
