2978 4869
1418 196 1815 274 ...q-2

444 375 523 444 ad
564 396 696 443 rem
746 397 882 441 eam
921 376 1207 443 afferunt.
1305 376 1513 458 Quam
1562 377 1883 465 ingeniose
1935 376 1998 442 id
2043 375 2263 443 fecerit
2307 377 2782 459 Hermapnus

443 474 537 541 vel
585 494 782 540 ex-eo
822 473 992 560 quod
1035 472 1433 540 Goethium
1471 472 1689 541 habuit
1725 473 2220 541 censentientem
2248 473 2293 557 ')
2335 470 2592 555 intelligi
2633 476 2783 551 pot-

442 577 555 648 est,
598 591 714 635 nec
744 591 891 635 mea
932 570 1035 636 ille
1074 571 1167 637 vir
1203 569 1386 636 laude
1427 578 1598 654 egetx
1639 570 1870 656 ingenii
1885 571 2145 658 inquam
2179 569 2380 647 laude,
2421 588 2568 634 nam
2607 565 2675 631 in
2711 584 2783 633 re

441 686 683 733 summa
709 673 1012 753 qnantum
1040 688 1077 732 a
1103 687 1253 734 vero
1280 666 1676 746 aberraverit,
1715 668 1972 735 uberius
2004 666 2438 735 Schoellius
2459 664 2529 750 ”)
2561 669 2783 729 osten-

439 763 549 828 dit.
629 763 900 829 Primam
942 763 1229 830 videlicet
1267 762 1672 849 tragoediam
1699 765 1778 830 ad
1817 764 2211 845 excitandum
2260 770 2462 829 totum
2503 760 2782 853 animum

439 859 632 926 fuisse
675 868 1125 947 comparatam,
1166 860 1503 926 secundam
1543 861 1800 928 auribus
1849 859 2273 948 potissimum,
2320 858 2567 925 temam
2622 847 2783 922 ocu·-

438 956 512 1022 lis
553 956 886 1023 indulsisse
927 958 1399 1024 Hei-mannus
1432 952 1863 1024 contenderat.

595 1054 961 1120 Proximum
1000 1061 1114 1132 est,
1154 1061 1228 1122 ut
1260 1054 1484 1121 adesse
1527 1055 1840 1142 quoddam
1877 1054 2199 1120 internum
2239 1049 2545 1138 trilogiae»
2557 1050 2783 1117 vinm-

435 1152 598 1230 lnm,
662 1151 727 1216 in
775 1158 1143 1237 aigumoeto
1192 1149 1401 1237 potius
1456 1170 1647 1239 quam
1697 1152 1763 1216 in
1816 1150 2014 1217 forma
2061 1150 2337 1233 positum
2388 1147 2784 1233 intelligamu-

437 1247 522 1314 ita
562 1256 791 1329 tamen,
830 1255 906 1314 ut
944 1248 1128 1336 quale
1168 1248 1230 1312 id
1275 1247 1357 1313 sit
1395 1256 1505 1315 aut
1544 1248 1800 1315 omnino
1839 1268 1968 1313 non
2020 1254 2130 1314 aut
2167 1245 2496 1312 obscurius
2537 1242 2783 1309 indice·-

437 1350 555 1411 tur.
639 1344 1006 1431 Suspicatus
1050 1352 1148 1410 est
1188 1365 1326 1410 eam
1367 1344 1686 1430 trilogicae
1725 1343 2197 1430 compositionis
2240 1343 2547 1408 rationem
2586 1340 2680 1407 vir
2720 1345 2786 1403 et

436 1441 570 1527 ipse
634 1441 996 1526 ingeniosus
1047 1439 1460 1507 Genellius.
1553 1441 1699 1507 Idea
1747 1440 1955 1527 dique
2014 1444 2142 1506 tres
2200 1439 2483 1525 trilogiae
2544 1434 2783 1503 fabulas

436 1536 617 1623 quasi
659 1536 905 1604 vinculo
945 1537 1143 1603 teneri
1197 1559 1324 1603 non
1368 1537 1560 1603 semel
1611 1538 1664 1602 is
1708 1545 1805 1603 est
1844 1536 2166 1624 professus
2186 1538 2299 1621 m).
2381 1534 2510 1600 Sed
2553 1532 2786 1598 trustra

429 1632 556 1718 jam
598 1648 763 1720 quae
802 1631 885 1698 sit
922 1640 1033 1699 aut
1072 1633 1275 1720 qualis
1314 1633 1420 1699 illa
1458 1633 1741 1719 trilogiae
1781 1633 1924 1700 idea
1972 1654 2050 1699 ex
2091 1652 2169 1698 eo
2211 1628 2624 1718 quaesiveris,
2667 1647 2785 1692 nee

436 1749 585 1794 sane
635 1728 937 1794 habemus
986 1729 1161 1814 quod
1216 1730 1446 1795 certius
1497 1730 1578 1795 de
1628 1730 1763 1817 ejus
1814 1728 2122 1796 sententia
2163 1728 2571 1814 proferamus.
2651 1724 2783 1789 Lm:

435 1824 651 1911 quitur
689 1824 944 1910 quidem
986 1824 1064 1891 de
1106 1832 1282 1891 certo
1319 1844 1528 1892 rerum
1558 1846 1915 1912 progressu,
1954 1824 2022 1889 in
2059 1824 2243 1890 altius
2279 1823 2435 1889 dicit
2472 1844 2509 1887 a
2550 1820 2785 1908 primae

436 1920 792 2006 tragoediae
832 1920 1014 1987 initio
1054 1921 1137 1987 ad
1175 1922 1363 1988 linem
1404 1942 1608 2008 usque
1647 1922 1866 1991 tertiae
1903 1920 2246 1987 ascendere
2294 1941 2397 1985 res
2448 1926 2512 1984 et
2551 1916 2783 2002 augeri,

437 2017 546 2083 sed
589 2025 893 2103 quntum
944 2016 1007 2083 id
1048 2017 1247 2085 valeat
1291 2018 1370 2085 ad
1406 2018 1691 2105 trilqiae
1734 2018 2064 2085 consilium
2103 2013 2605 2104 perspiciendum
2645 2013 2786 2095 ipse

435 2112 662 2181 videas.
741 2115 872 2192 En,
925 2112 1219 2194 referam,
1269 2134 1457 2202 quem
1511 2116 1576 2181 in
1625 2114 1879 2183 Orestia
1932 2134 2330 2201 progressum
2382 2117 2631 2178 statuat.
2707 2110 2785 2174 Iu

434 2216 902 2296 Agamemnone
963 2231 1099 2277 rem
1154 2211 1246 2277 ait
1304 2212 1639 2281 infeliciter
1698 2212 1910 2295 potius
1961 2232 2148 2298 quam
2200 2209 2487 2293 improbe
2543 2213 2784 2294 gestam

432 2307 906 2394 repraesentari,
948 2307 1014 2371 in
1042 2305 1432 2394 Cho’epbcris
1465 2307 1597 2394 jam
1637 2307 1976 2394 plurimum
2013 2308 2276 2373 ethicam
2318 2304 2540 2392 agendi
2582 2302 2785 2370 ratioe-

428 2425 579 2471 nem
621 2403 846 2481 valere,
892 2423 933 2468 a
970 2400 1107 2468 deis
1149 2424 1186 2470 e
1227 2403 1570 2491 longinquo
1612 2405 1828 2473 saltem
1870 2405 2213 2487 praevisam
2263 2411 2329 2470 et
2367 2407 2783 2486 procuratam,

436 2500 680 2567 tertiam
709 2499 979 2586 denique
1020 2506 1214 2566 totam
1257 2502 1425 2584 apud
1452 2503 1607 2573 deos
1649 2523 1791 2568 esse
1831 2509 1896 2567 et
1922 2502 2235 2568 cardinem
2265 2519 2478 2566 rerum
2517 2499 2584 2563 in
2623 2515 2784 2564 eon-

435 2597 674 2664 ditione
715 2596 947 2664 versari
997 2597 1201 2664 divina
1242 2597 1599 2685 (pg.161..)
1681 2598 1825 2665 Alio
1876 2599 2015 2664 loco
2064 2598 2182 2684 (pg.
2222 2604 2322 2663 21.
2361 2597 2506 2664 Not.
2548 2595 2667 2679 20.)
2717 2594 2786 2659 in

435 2693 644 2761 fabula
692 2693 974 2779 trilogiae
1027 2694 1301 2761 secunda
1353 2717 1487 2762 rem
1539 2695 1690 2761 dicit
1738 2715 2107 2777 suspensam
2162 2695 2359 2776 teneri
2415 2693 2606 2780 idque
2657 2711 2784 2756 non

435 2790 572 2856 sine
615 2810 827 2854 nerum
867 2788 1217 2855 suturarum
1256 2791 1418 2856 tristi
1460 2792 1923 2872 praesensione.
1989 2792 2090 2857 Ad
2129 2791 2284 2857 haec
2327 2791 2459 2857 fere
2497 2789 2784 2864 redeunt,

434 2904 598 2972 quae
647 2884 882 2967 passim
935 2885 1027 2953 vir
1074 2885 1298 2952 doctus
1346 2888 1621 2966 monuit,
1671 2908 1871 2975 eaque
1920 2886 2057 2973 ipsa
2104 2894 2177 2954 ut
2216 2886 2458 2952 consilii
2500 2882 2784 2970 trilogiae

436 2982 847 3065 interpretem
916 2982 1115 3067 magis
1176 2982 1506 3069 perspicue
1566 2983 1931 3071 loquentem
1993 3004 2402 3070 quaeramus,
2471 3003 2588 3049 nos
2655 2981 2783 3047 im·-

436 3077 694 3163 pellunt.

596 3174 769 3253 Quid
809 3173 1137 3252 miremur,
1178 3195 1317 3242 esse
1358 3177 1437 3242 ab
1486 3198 1566 3241 eo
1607 3177 1907 3257 primum,
1962 3196 2122 3262 quae
2174 3176 2256 3239 sit
2296 3174 2574 3259 trilogiae
2625 3172 2783 3239 ratio

434 3271 725 3338 distinete
763 3270 1031 3350 dictum,
1073 3291 1263 3358 quem
1300 3271 1739 3354 philosophiae
1789 3272 2146 3339 Fichtianae
2198 3278 2588 3349 sectatorem,
2635 3290 2781 3356 gra-

433 3368 795 3454 vioremque
838 3367 1024 3434 etiam
1065 3375 1132 3434 et
1170 3367 1473 3434 acriorem
1516 3369 1759 3451 pulchri
1794 3368 2068 3455 judicem
2111 3388 2299 3454 quam
2339 3365 2782 3455 philosophum

437 3464 630 3530 fnisse
678 3464 931 3530 scimus.
1013 3464 1344 3547 Perspexit
1388 3471 1463 3531 A.
1521 3466 1627 3530 W.
1679 3464 2149 3551 Schlegelius
2214 3473 2308 3543 et,
2372 3465 2467 3531 uti
2520 3463 2781 3539 solebat,

434 3561 618 3647 quasi
668 3560 1051 3647 praeteriens
1102 3561 1349 3627 monuit
1397 3563 1656 3628 sormam
1710 3562 2063 3649 tragoediae
2113 3561 2418 3648 triplicem
2469 3559 2779 3647 positione

439 3657 762 3735 contineri,
806 3657 1225 3744 oppositione,
1268 3659 1721 3725 conciliatione.
1751 3695 1824 3706 —-
1851 3659 1976 3725 Sed
2017 3657 2166 3723 nihil
2209 3655 2563 3740 praeterea!
2605 3654 2778 3721 scili-

440 3760 544 3820 eet
581 3762 656 3820 ut
695 3753 831 3820 aliis
873 3775 999 3820 non
1039 3762 1165 3820 tam
1208 3754 1710 3837 interpretandae
1745 3755 2091 3822 sententiae
2135 3773 2320 3841 quam
2361 3774 2777 3836 corrumpen-

436 3849 553 3916 dae
596 3852 839 3934 copiam
881 3851 1073 3917 daret.
1115 3885 1196 3898 -

595 3948 780 4014 Haud
820 3951 1102 4031 profecto
1145 3948 1467 4026 habemus,
1508 3970 1696 4035 quem
1739 3952 1818 4018 de
1861 3949 2307 4035 cognoscendis
2334 3947 2623 4034 Aeschyli
2663 3946 2779 4011 tri-

437 4043 615 4128 logiis
679 4044 901 4111 melius
964 4046 1363 4113 Welckero
1426 4047 1717 4114 meritum
1781 4047 2088 4124 dicamuS,
2153 4046 2286 4113 sed
2325 4046 2472 4112 licet
2530 4052 2602 4111 et
2642 4043 2776 4127 ipse

744 4230 860 4237 70—-

579 4331 633 4390 Ἷ
674 4340 995 4385 Hermann.
1064 4341 1140 4387 De
1177 4352 1335 4399 comp.
1374 4344 1543 4391 tetral.
1582 4344 1708 4399 trag.
1753 4341 1902 4391 1819.
1966 4345 2214 4390 Goethe.
2273 4342 2399 4396 om.
2448 4335 2554 4394 (ed.
2611 4332 2773 4389 lato}

440 4409 665 4457 xxxlu.
706 4421 787 4465 og.
826 4408 861 4457 8
895 4421 970 4464 sq.

579 4471 667 4533 ”J
705 4481 939 4539 Beni-age
978 4487 1072 4527 etc.
1111 4484 1148 4528 Ι.
1186 4493 1270 4539 pg-
1308 4478 1395 4530 Qs.

581 4544 689 4607 ”*J
729 4555 942 4604 'rhemor
980 4564 1048 4603 zu
1082 4554 1249 4603 Athen
1285 4566 1399 4613 pag.
1439 4555 1523 4603 ιι.
1569 4556 1682 4605 161.
1727 4555 1839 4605 194.
1880 4560 1969 4602 etc.
