2978 4869
1247 208 1764 289 ...29-.'

294 402 459 461 runt.
548 400 677 462 Aut
715 400 1044 480 propterea
1086 393 1313 460 cborus
1362 393 1555 460 furias
1604 413 1732 457 non
1782 391 1958 471 vidit,
2018 392 2193 478 quia,
2255 392 2504 477 quoties
2555 413 2634 458 eo

295 492 405 556 ubi
455 498 657 569 erant,
706 490 925 556 oculos
974 489 1227 567 direxit,
1276 490 1466 555 toties
1507 490 1704 554 furiae
1745 488 2037 555 omnibus
2078 494 2486 565 evanuerunt,
2526 497 2634 554 aut

296 586 554 651 aderant
579 586 834 672 quidem
875 607 1142 673 semper,
1182 585 1292 650 sed
1334 585 1528 651 choro
1566 583 1780 650 nescio
1809 605 1935 670 qua
1972 584 2030 651 vi
2062 584 2263 649 divina
2301 584 2634 670 adspectus

297 702 422 746 non
452 682 632 747 datus
658 686 889 749 estant
916 683 1186 769 denique
1214 682 1470 747 omnino
1510 702 1639 746 non
1667 681 1995 757 affirerunt,
2028 679 2288 746 Orestes
2326 679 2497 745 solus
2523 700 2632 745 eas

295 776 501 843 videre
542 777 661 842 sibi
700 778 870 845 visus
911 786 1027 843 est.
1104 780 1221 843 Est
1260 776 1595 843 Genellii
1637 797 1741 852 ea,
1782 794 1968 861 quam
2011 775 2212 863 primo
2252 775 2391 840 loco
2431 776 2634 860 posui,

297 872 603 938 sententia
664 873 784 959 (pg.
826 880 973 953 211,
1012 874 1171 956 212).
1274 875 1401 939 Ter
1448 872 1801 958 suspicatur
1851 871 2210 949 emersisse,
2268 879 2365 938 ter
2415 891 2637 938 rursus

298 969 629 1035 evanuisse
670 969 882 1047 furias,
919 970 1007 1034 ita
1033 969 1287 1056 quidem
1325 976 1399 1035 ut
1438 969 1632 1034 altera
1669 967 1802 1034 vice
1840 967 2074 1047 plures,
2111 967 2292 1032 tertia
2333 966 2635 1053 plurimae

296 1065 753 1152 apparuissent.
838 1066 965 1132 Sed
1005 1065 1344 1152 quominus
1384 1064 1541 1130 baec
1579 1063 1760 1128 nobis
1801 1061 2104 1147 probetur
2146 1062 2388 1148 opinio,
2434 1062 2530 1129 vel
2571 1062 2636 1129 id

294 1161 535 1240 obstat,
596 1162 764 1248 quod
806 1161 1051 1228 Orestis
1092 1161 1296 1228 verbis
1339 1160 1708 1246 suspicioni,
1755 1178 1910 1224 num
1967 1177 2221 1238 semper
2255 1157 2448 1225 furias
2489 1165 2634 1223 ante

288 1257 510 1321 'oculos
551 1256 856 1336 babuerit,
894 1258 1071 1322 locus
1111 1278 1239 1322 non
1280 1256 1477 1322 datur.
1540 1256 1659 1322 Vix
1700 1254 1890 1340 igitur
1935 1274 2096 1340 opus
2137 1261 2265 1332 est,
2324 1262 2397 1321 ut
2448 1254 2633 1319 fidem

293 1352 413 1429 rei,
455 1360 746 1419 annotata
787 1353 1118 1418 mulierum
1159 1351 1408 1438 ineptia,
1437 1349 1880 1428 diminuamus,
1921 1350 2138 1416 oeulos
2178 1349 2412 1416 scilicet
2449 1349 2637 1415 toties

293 1448 701 1515 avertentium
744 1448 993 1534 quoties
1034 1446 1301 1513 maxime
1342 1444 1661 1512 advertere
1701 1446 2071 1513 debuerunt.

451 1545 629 1608 Hanc
667 1543 1088 1610 Muellerus
1131 1541 1393 1608 feliciter
1431 1541 1728 1628 ineptiam
1759 1541 1990 1626 effugit.
2042 1539 2424 1606 Eumenides
2465 1539 2632 1607 enim

292 1639 437 1704 inde
480 1639 557 1704 ab
599 1660 677 1704 eo
718 1646 1033 1721 tempore,
1085 1660 1213 1725 quo
1253 1638 1525 1724 primum
1584 1638 1664 1703 ab
1717 1637 1945 1704 Oreste
1963 1636 2527 1718 conspicerentur,
2568 1635 2633 1699 in

294 1756 481 1799 scena
520 1735 936 1818 permansisse
979 1734 1241 1798 censuit.
1310 1732 1436 1797 Sed
1476 1755 1602 1796 non
1644 1733 1803 1816 fugit
1839 1733 2037 1798 virum
2080 1730 2526 1809 acutissimum,
2566 1731 2632 1794 in

293 1829 475 1894 aliam
519 1849 587 1893 se
630 1828 1053 1893 difficultatem
1094 1826 1406 1892 incidisse.
1494 1827 1652 1895 Nam
1706 1847 1901 1914 quum
1952 1827 2015 1891 id
2064 1827 2456 1912 potissimum
2519 1846 2632 1891 sua

294 1924 599 1989 sententia
620 1923 865 1990 efficere
890 1924 1094 2001 vellet,
1134 1944 1214 1988 ne
1256 1922 1374 1989 alia
1415 1922 1479 1987 in
1504 1921 1892 2008 Cho'ephoris
1921 1943 2058 1989 esse
2087 1923 2403 1990 videretur
2441 1930 2632 2007 atque

295 2019 359 2082 in
381 2018 837 2084 Eumenidibus
863 2020 1166 2085 furiarum
1189 2018 1483 2096 conditio,
1525 2017 1683 2083 hanc
1723 2025 1934 2084 tamen
1975 2039 2052 2083 eo
2086 2018 2217 2104 jam
2258 2018 2336 2083 ab
2378 2017 2481 2083 illa
2507 2016 2632 2083 dif-

295 2112 458 2178 ferre
498 2113 719 2192 sensit,
770 2114 941 2200 quod
986 2114 1088 2179 hic
1128 2135 1291 2201 quae
1330 2135 1477 2183 vere
1521 2114 1812 2181 adessent
1851 2114 1928 2180 ab
1969 2113 2261 2180 omnibus
2302 2111 2632 2198 compiec-

292 2216 540 2287 rentur,
581 2209 666 2275 ibi
708 2210 986 2296 quamvis
1026 2217 1387 2295 praesentes
1430 2210 1604 2276 chori
1645 2211 1861 2276 oculos
1905 2211 2266 2296 effugerent.
2343 2209 2490 2276 Fuit
2528 2216 2632 2275 ta-

170 2298 203 2355 )
290 2325 436 2369 men
476 2326 850 2389 responsum
899 2305 964 2369 in
1007 2314 1330 2390 promptu,
1394 2306 1565 2392 quod
1626 2328 1754 2373 non
1813 2325 2149 2389 possumus
2200 2305 2353 2392 quin
2414 2313 2632 2391 aptum

290 2420 432 2466 esse
474 2407 538 2466 et
575 2419 790 2467 verum
830 2400 1236 2483 profiteamur
1332 2403 1426 2467 Ita
1467 2423 1538 2468 se
1577 2402 1789 2469 habet:
1833 2402 2006 2488 quod
2044 2400 2434 2486 Areopagitis
2476 2401 2632 2468 dea·-

290 2517 560 2583 rumque
592 2498 953 2576 comitibus,
997 2498 1300 2563 sacerdoti
1333 2498 1603 2584 denique
1644 2496 1983 2579 Delphicae
2023 2496 2224 2574 licuit,
2265 2497 2632 2564 mulieribus

291 2591 538 2659 infimae
589 2593 773 2658 sortis
826 2615 955 2659 non
1004 2594 1219 2659 itidem
1280 2593 1469 2659 licuit.
1571 2595 1688 2659 Est
1746 2592 2051 2680 quaedam
2112 2592 2340 2659 arctior
2386 2593 2631 2659 illarum

293 2710 481 2775 quam
523 2688 742 2754 harum
785 2711 926 2755 cum
967 2690 1144 2755 furiis
1185 2690 1544 2755 necessitas·
1625 2690 1751 2757 Sed
1792 2689 2068 2776 graviore
2111 2689 2228 2755 alia
2267 2688 2634 2756 difficultate

289 2784 647 2850 Muelleri
691 2786 997 2850 sententia
1038 2785 1302 2860 laborat,
1345 2804 1533 2869 quam
1569 2785 1710 2866 ipse
1750 2792 1861 2850 aut
1899 2806 2026 2849 non
2064 2785 2233 2863 vidit,
2275 2793 2384 2851 aut
2424 2807 2493 2851 se
2531 2786 2631 2852 vi·-

292 2879 459 2945 disse
498 2879 923 2946 dissimulavit.
1015 2881 1236 2965 Itaque
1282 2880 1605 2943 Herman
1620 2899 1756 2944 nus
1810 2880 2204 2963 gravissimus
2246 2881 2355 2966 qui
2396 2880 2632 2946 exstitit

289 2975 663 3042 Muellero
707 2976 903 3062 judex
943 2975 1235 3062 idemque
1287 2973 1672 3041 adversarius
1714 2974 1778 3040 in
1819 2975 2021 3040 lucem
2063 2989 2200 3041 eam
2242 2977 2564 3062 protraxit.
2584 2978 2630 3059 Ἴ

293 3071 425 3148 Qui
464 3071 554 3146 fit,
592 3078 667 3135 ut
708 3071 784 3135 de
827 3071 1060 3155 ingenti
1101 3079 1340 3137 terrore
1383 3091 1511 3157 quo
1553 3070 1618 3135 in
1644 3071 2101 3137 Eumenidibus
2142 3073 2470 3139 Furiarum
2511 3074 2630 3138 ad-

292 3171 543 3251 spectus
583 3166 883 3253 populum
925 3166 1204 3234 affecerit
1240 3166 1465 3243 multa,
1517 3166 1595 3229 de
1645 3166 1829 3231 simili
1867 3186 2015 3233 vero
2056 3174 2325 3243 terrore,
2385 3186 2462 3231 ex
2512 3167 2630 3234 ad·-

290 3268 528 3348 spectu,
569 3262 661 3328 uti
705 3284 930 3329 censeo
972 3284 1099 3328 non
1140 3263 1348 3328 minus
1388 3259 1650 3326 terribili
1692 3260 1757 3325 in
1780 3259 2170 3342 Choliphoris
2211 3270 2508 3349 percepto
2547 3286 2632 3331 ne

290 3359 544 3424 verbnm
589 3358 843 3444 quidem
884 3359 1129 3424 dicant?
1187 3357 1286 3423 Ad
1308 3357 1477 3443 quod
1515 3377 1642 3422 non
1681 3356 1859 3423 video
1888 3356 2039 3443 quid
2081 3366 2222 3445 apte
2263 3360 2630 3446 responderi

290 3454 522 3539 possit,
562 3474 680 3519 nec
722 3475 1101 3541 quemquam
1141 3453 1318 3521 video
1360 3453 1784 3538 respondisse.
1865 3458 2159 3519 Attamen
2200 3454 2632 3522 testimonium

290 3547 539 3615 aliunde
589 3549 852 3635 petitum
892 3549 1127 3636 majore
1180 3569 1294 3615 sua
1333 3549 1626 3634 gravitate
1668 3549 1826 3615 banc
1867 3548 2292 3616 difficultatem
2333 3571 2630 3635 superare

289 3645 538 3730 poterit.
596 3646 1020 3711 Muellerus
1061 3665 1294 3722 revera,
1334 3666 1712 3733 quamquam
1741 3645 2019 3711 nondum
2062 3645 2280 3710 eadem
2323 3665 2390 3710 se
2430 3647 2629 3731 premi

289 3739 441 3806 vidit
479 3739 794 3826 angustia,
836 3742 1041 3806 attulit
1082 3748 1290 3806 tamen
1320 3761 1447 3827 quo
1488 3740 1565 3806 iis
1608 3778 1683 3790 -
1724 3742 1818 3808 uti
1860 3741 1947 3806 ait
1983 3776 2066 3788 ——
2102 3760 2342 3806 morem
2384 3751 2631 3827 gereret

291 3835 422 3921 qui,
460 3836 580 3902 nisi
619 3835 818 3902 oculis
858 3836 1158 3915 viderent,
1198 3857 1333 3902 rem
1373 3837 1466 3904 vel
1509 3838 1775 3903 maxime
1817 3835 2210 3924 perspicuam
2250 3857 2375 3903 non
2406 3840 2631 3905 crede-

290 3938 462 4007 rent,
501 3931 929 3999 testimonium
982 3932 1256 3999 Pollucis
1297 3934 1420 4012 IV„
1463 3940 1581 4000 132
1622 3933 1757 4000 coll.
1801 3941 1938 3998 121.
2015 3932 2236 3998 Furias
2279 3932 2333 3998 is
2375 3936 2525 4001 dicit
2565 3936 2628 4000 in

289 4025 535 4091 theatro
576 4047 689 4112 per
726 4026 1206 4115 οἷναπιέσματα
1258 4030 1437 4117 quasi
1500 4051 1578 4096 ex
1628 4027 1839 4094 inferis
1889 4028 1953 4092 in
2007 4047 2252 4096 scenam
2303 4032 2628 4097 emersisse

291 4121 562 4201 Quaeris
606 4121 755 4208 quid
797 4123 856 4187 id
897 4124 1095 4191 valeat
1135 4124 1211 4191 ad
1252 4126 1615 4193 firmandam
1655 4124 2013 4191 Muelleri
2058 4127 2471 4192 sententiam?
2511 4124 2627 4189 vi-

291 4216 483 4283 desne
536 4217 753 4282 faciem
806 4219 916 4288 viri
964 4220 1187 4288 laetam
1240 4231 1314 4289 ut
1361 4223 1471 4310 qui
1525 4221 1734 4288 omnia
1780 4243 1848 4288 se
1889 4220 2020 4308 jam
2081 4245 2224 4290 cum
2284 4219 2626 4306 pulvisculo

430 4451 492 4512 θ’)
527 4458 579 4502 ιιι
616 4467 832 4506 censura
866 4457 978 4506 libri
1012 4460 1428 4508 nuenariani
1463 4460 1516 4507 in
1551 4462 1720 4509 annal.
1747 4460 1958 4509 vindob.
1995 4455 2135 4513 (Vol.
2161 4450 2255 4512 si)
2292 4455 2447 4513 primo
2485 4459 2626 4506 exnt-

289 4522 417 4584 blta,
454 4526 665 4583 teneura
701 4528 965 4585 multisque
999 4529 1126 4578 locis
1161 4535 1313 4578 aucta
1346 4530 1398 4577 ln
1433 4531 1618 4587 Opuse.
1654 4532 1738 4579 Vl.
1776 4528 1810 4578 8
1848 4540 1929 4585 ιιι.
1967 4522 2091 4573 184.
