<?xml version="1.0" encoding="UTF-8"?>
<!DOCTYPE html PUBLIC "-//W3C//DTD XHTML 1.0 Transitional//EN"
    "http://www.w3.org/TR/xhtml1/DTD/xhtml1-transitional.dtd">
<html xmlns="http://www.w3.org/1999/xhtml" xml:lang="en" lang="en">
 <head>
  <title>
</title>
<meta http-equiv="Content-Type" content="text/html;charset=utf-8" />
  <meta name='ocr-system' content='tesseract 3.04.00' />
  <meta name='ocr-capabilities' content='ocr_page ocr_carea ocr_par ocr_line ocrx_word'/>
</head>
<body>
  <div class='ocr_page' id='page_1' title='image "./dererumdivinaru00haymgoog_0060.png"; bbox 0 0 2978 4869; ppageno 0'>
   <div class='ocr_carea' id='block_1_1' title="bbox 1293 210 1725 276">
    <p class='ocr_par' dir='ltr' id='par_1_1' title="bbox 1293 210 1725 276">
     <span class='ocr_line' id='line_1_1' title="bbox 1293 210 1725 276; baseline 0.007 -17"><span class='ocrx_word' id='word_1_1' title='bbox 1293 210 1725 276; x_wconf 66' lang='lat'>...52-</span> 
     </span>
    </p>
   </div>
   <div class='ocr_carea' id='block_1_2' title="bbox 260 371 2772 2758">
    <p class='ocr_par' dir='ltr' id='par_1_2' title="bbox 354 371 2691 755">
     <span class='ocr_line' id='line_1_2' title="bbox 357 371 2687 471; baseline 0.008 -35"><span class='ocrx_word' id='word_1_2' title='bbox 357 371 471 438; x_wconf 92' lang='lat' dir='ltr'><strong>sibi</strong></span> <span class='ocrx_word' id='word_1_3' title='bbox 515 374 703 443; x_wconf 90' lang='lat' dir='ltr'><strong>homo</strong></span> <span class='ocrx_word' id='word_1_4' title='bbox 745 379 913 464; x_wconf 86' lang='lat' dir='ltr'><strong>leges</strong></span> <span class='ocrx_word' id='word_1_5' title='bbox 955 379 1248 466; x_wconf 90' lang='lat' dir='ltr'><strong>imponat.</strong></span> <span class='ocrx_word' id='word_1_6' title='bbox 1340 382 1623 468; x_wconf 85' lang='lat' dir='ltr'><strong>Longum</strong></span> <span class='ocrx_word' id='word_1_7' title='bbox 1666 388 1764 448; x_wconf 87' lang='lat' dir='ltr'><strong>est</strong></span> <span class='ocrx_word' id='word_1_8' title='bbox 1803 389 1866 448; x_wconf 90' lang='lat' dir='ltr'><strong>et</strong></span> <span class='ocrx_word' id='word_1_9' title='bbox 1904 382 2148 464; x_wconf 87' lang='lat' dir='ltr'><strong>inutile,</strong></span> <span class='ocrx_word' id='word_1_10' title='bbox 2202 382 2440 471; x_wconf 86' lang='lat' dir='ltr'><strong>singula</strong></span> <span class='ocrx_word' id='word_1_11' title='bbox 2481 389 2687 454; x_wconf 85' lang='lat' dir='ltr'><strong>omnia</strong></span> 
     </span>
     <span class='ocr_line' id='line_1_3' title="bbox 356 472 2691 569; baseline 0.007 -37"><span class='ocrx_word' id='word_1_12' title='bbox 356 472 677 556; x_wconf 80' lang='lat' dir='ltr'><strong>persequi,</strong></span> <span class='ocrx_word' id='word_1_13' title='bbox 729 495 891 560; x_wconf 91' lang='lat' dir='ltr'><strong>quae</strong></span> <span class='ocrx_word' id='word_1_14' title='bbox 934 476 1162 542; x_wconf 81' lang='lat' dir='ltr'><strong>diserte</strong></span> <span class='ocrx_word' id='word_1_15' title='bbox 1203 477 1566 562; x_wconf 85' lang='lat' dir='ltr'><strong>ingeniosus</strong></span> <span class='ocrx_word' id='word_1_16' title='bbox 1608 478 1698 545; x_wconf 83' lang='lat' dir='ltr'><strong>vir</strong></span> <span class='ocrx_word' id='word_1_17' title='bbox 1737 478 1871 564; x_wconf 90' lang='lat' dir='ltr'><strong>ipse</strong></span> <span class='ocrx_word' id='word_1_18' title='bbox 1912 480 2201 565; x_wconf 83' lang='lat' dir='ltr'><strong>exposuit</strong></span> <span class='ocrx_word' id='word_1_19' title='bbox 2242 481 2368 566; x_wconf 85' lang='lat' dir='ltr'><strong>(pg.</strong></span> <span class='ocrx_word' id='word_1_20' title='bbox 2391 487 2469 549; x_wconf 85' lang='lat'><strong>68</strong></span> <span class='ocrx_word' id='word_1_21' title='bbox 2491 503 2583 569; x_wconf 87' lang='lat' dir='ltr'><strong>sq.</strong></span> <span class='ocrx_word' id='word_1_22' title='bbox 2626 491 2691 548; x_wconf 89' lang='lat' dir='ltr'><strong>et</strong></span> 
     </span>
     <span class='ocr_line' id='line_1_4' title="bbox 354 570 2687 664; baseline 0.007 -37"><span class='ocrx_word' id='word_1_23' title='bbox 354 584 452 647; x_wconf 83' lang='lat' dir='ltr'><strong>pg.</strong></span> <span class='ocrx_word' id='word_1_24' title='bbox 476 570 553 630; x_wconf 84' lang='grc'><strong>83</strong></span> <span class='ocrx_word' id='word_1_25' title='bbox 576 570 708 654; x_wconf 83' lang='lat' dir='ltr'><strong>sq.).</strong></span> <span class='ocrx_word' id='word_1_26' title='bbox 792 570 1026 637; x_wconf 81' lang='lat' dir='ltr'><strong>Similia</strong></span> <span class='ocrx_word' id='word_1_27' title='bbox 1068 573 1234 659; x_wconf 90' lang='lat' dir='ltr'><strong>apud</strong></span> <span class='ocrx_word' id='word_1_28' title='bbox 1260 572 1758 659; x_wconf 87' lang='lat' dir='ltr'><strong>Droysenium</strong></span> <span class='ocrx_word' id='word_1_29' title='bbox 1799 572 2095 654; x_wconf 76' lang='lat' dir='ltr'><strong>invenieS,</strong></span> <span class='ocrx_word' id='word_1_30' title='bbox 2138 576 2247 641; x_wconf 89' lang='lat' dir='ltr'><strong>sed</strong></span> <span class='ocrx_word' id='word_1_31' title='bbox 2290 598 2452 663; x_wconf 89' lang='lat' dir='ltr'><strong>quae</strong></span> <span class='ocrx_word' id='word_1_32' title='bbox 2494 579 2687 664; x_wconf 87' lang='lat' dir='ltr'><strong>inagis</strong></span> 
     </span>
     <span class='ocr_line' id='line_1_5' title="bbox 356 657 1793 755; baseline 0.01 -35"><span class='ocrx_word' id='word_1_33' title='bbox 356 657 542 724; x_wconf 87' lang='lat' dir='ltr'><strong>etiam</strong></span> <span class='ocrx_word' id='word_1_34' title='bbox 581 662 1023 753; x_wconf 87' lang='lat' dir='ltr'><strong>philosophum</strong></span> <span class='ocrx_word' id='word_1_35' title='bbox 1064 668 1332 754; x_wconf 88' lang='lat' dir='ltr'><strong>prodant</strong></span> <span class='ocrx_word' id='word_1_36' title='bbox 1373 668 1492 755; x_wconf 85' lang='lat' dir='ltr'><strong>(pg.</strong></span> <span class='ocrx_word' id='word_1_37' title='bbox 1520 673 1640 734; x_wconf 84' lang='lat'><strong>460</strong></span> <span class='ocrx_word' id='word_1_38' title='bbox 1661 670 1793 755; x_wconf 89' lang='lat' dir='ltr'><strong>sq.).</strong></span> 
     </span>
    </p>

    <p class='ocr_par' dir='ltr' id='par_1_3' title="bbox 350 756 2772 1709">
     <span class='ocr_line' id='line_1_6' title="bbox 512 756 2690 853; baseline 0.005 -30"><span class='ocrx_word' id='word_1_39' title='bbox 512 756 642 823; x_wconf 87' lang='lat' dir='ltr'><strong>Nos</strong></span> <span class='ocrx_word' id='word_1_40' title='bbox 686 781 829 828; x_wconf 87' lang='lat' dir='ltr'><strong>vero</strong></span> <span class='ocrx_word' id='word_1_41' title='bbox 870 762 993 827; x_wconf 89' lang='lat' dir='ltr'><strong>iam</strong></span> <span class='ocrx_word' id='word_1_42' title='bbox 1034 770 1216 829; x_wconf 90' lang='lat' dir='ltr'><strong>antea</strong></span> <span class='ocrx_word' id='word_1_43' title='bbox 1257 781 1384 850; x_wconf 91' lang='lat' dir='ltr'><strong>quo</strong></span> <span class='ocrx_word' id='word_1_44' title='bbox 1426 763 1573 830; x_wconf 82' lang='lat' dir='ltr'><strong>vitio</strong></span> <span class='ocrx_word' id='word_1_45' title='bbox 1613 764 2042 846; x_wconf 78' lang='lat' dir='ltr'><strong>interpretatio</strong></span> <span class='ocrx_word' id='word_1_46' title='bbox 2083 767 2419 853; x_wconf 74' lang='lat' dir='ltr'><strong>symbolica</strong></span> <span class='ocrx_word' id='word_1_47' title='bbox 2446 770 2690 836; x_wconf 90' lang='lat' dir='ltr'><strong>laboret</strong></span> 
     </span>
     <span class='ocr_line' id='line_1_7' title="bbox 355 853 2689 949; baseline 0.007 -35"><span class='ocrx_word' id='word_1_48' title='bbox 355 853 777 935; x_wconf 83' lang='lat' dir='ltr'><strong>exposuimus.</strong></span> <span class='ocrx_word' id='word_1_49' title='bbox 837 854 954 922; x_wconf 90' lang='lat' dir='ltr'><strong>Est</strong></span> <span class='ocrx_word' id='word_1_50' title='bbox 995 858 1161 923; x_wconf 91' lang='lat' dir='ltr'><strong>enim</strong></span> <span class='ocrx_word' id='word_1_51' title='bbox 1205 859 1268 924; x_wconf 91' lang='lat' dir='ltr'><strong>in</strong></span> <span class='ocrx_word' id='word_1_52' title='bbox 1310 879 1389 924; x_wconf 91' lang='lat' dir='ltr'><strong>eo</strong></span> <span class='ocrx_word' id='word_1_53' title='bbox 1431 859 1636 944; x_wconf 88' lang='lat' dir='ltr'><strong>posita</strong></span> <span class='ocrx_word' id='word_1_54' title='bbox 1676 880 1918 926; x_wconf 87' lang='lat' dir='ltr'><strong>summa</strong></span> <span class='ocrx_word' id='word_1_55' title='bbox 1960 861 2109 926; x_wconf 88' lang='lat' dir='ltr'><strong>artis</strong></span> <span class='ocrx_word' id='word_1_56' title='bbox 2149 862 2446 949; x_wconf 82' lang='lat' dir='ltr'><strong>perfectio</strong></span> <span class='ocrx_word' id='word_1_57' title='bbox 2480 874 2555 932; x_wconf 91' lang='lat' dir='ltr'><strong>ut</strong></span> <span class='ocrx_word' id='word_1_58' title='bbox 2587 865 2689 930; x_wconf 90' lang='lat' dir='ltr'><strong>ni-</strong></span> 
     </span>
     <span class='ocr_line' id='line_1_8' title="bbox 351 941 2691 1046; baseline 0.008 -39"><span class='ocrx_word' id='word_1_59' title='bbox 351 941 439 1007; x_wconf 88' lang='lat' dir='ltr'><strong>hil</strong></span> <span class='ocrx_word' id='word_1_60' title='bbox 479 945 704 1015; x_wconf 87' lang='lat' dir='ltr'><strong>habeat</strong></span> <span class='ocrx_word' id='word_1_61' title='bbox 744 953 994 1030; x_wconf 84' lang='lat' dir='ltr'><strong>secreti,</strong></span> <span class='ocrx_word' id='word_1_62' title='bbox 1042 953 1191 1018; x_wconf 85' lang='lat' dir='ltr'><strong>nihil</strong></span> <span class='ocrx_word' id='word_1_63' title='bbox 1246 954 1576 1032; x_wconf 85' lang='lat' dir='ltr'><strong>reconditi,</strong></span> <span class='ocrx_word' id='word_1_64' title='bbox 1631 956 1740 1021; x_wconf 91' lang='lat' dir='ltr'><strong>sed</strong></span> <span class='ocrx_word' id='word_1_65' title='bbox 1781 965 1998 1041; x_wconf 88' lang='lat' dir='ltr'><strong>aperta</strong></span> <span class='ocrx_word' id='word_1_66' title='bbox 2038 958 2245 1024; x_wconf 85' lang='lat' dir='ltr'><strong>omnia</strong></span> <span class='ocrx_word' id='word_1_67' title='bbox 2287 966 2353 1025; x_wconf 89' lang='lat' dir='ltr'><strong>et</strong></span> <span class='ocrx_word' id='word_1_68' title='bbox 2391 978 2554 1046; x_wconf 88' lang='lat' dir='ltr'><strong>quae</strong></span> <span class='ocrx_word' id='word_1_69' title='bbox 2593 960 2691 1026; x_wconf 85' lang='lat' dir='ltr'><strong>vel</strong></span> 
     </span>
     <span class='ocr_line' id='line_1_9' title="bbox 351 1039 2689 1140; baseline 0.006 -35"><span class='ocrx_word' id='word_1_70' title='bbox 351 1039 517 1106; x_wconf 87' lang='lat' dir='ltr'><strong>ultro</strong></span> <span class='ocrx_word' id='word_1_71' title='bbox 559 1046 761 1112; x_wconf 88' lang='lat' dir='ltr'><strong>oculis</strong></span> <span class='ocrx_word' id='word_1_72' title='bbox 796 1057 1142 1116; x_wconf 85' lang='lat' dir='ltr'><strong>occurrant.</strong></span> <span class='ocrx_word' id='word_1_73' title='bbox 1225 1051 1362 1116; x_wconf 88' lang='lat' dir='ltr'><strong>Hoc</strong></span> <span class='ocrx_word' id='word_1_74' title='bbox 1402 1071 1551 1118; x_wconf 83' lang='lat' dir='ltr'><strong>vero</strong></span> <span class='ocrx_word' id='word_1_75' title='bbox 1594 1052 1964 1137; x_wconf 80' lang='lat' dir='ltr'><strong>symbolicae</strong></span> <span class='ocrx_word' id='word_1_76' title='bbox 2004 1054 2451 1140; x_wconf 87' lang='lat' dir='ltr'><strong>interpretandi</strong></span> <span class='ocrx_word' id='word_1_77' title='bbox 2489 1055 2689 1121; x_wconf 88' lang='lat' dir='ltr'><strong>ratio-</strong></span> 
     </span>
     <span class='ocr_line' id='line_1_10' title="bbox 352 1134 2693 1236; baseline 0.007 -38"><span class='ocrx_word' id='word_1_78' title='bbox 352 1134 449 1200; x_wconf 90' lang='lat' dir='ltr'><strong>nis</strong></span> <span class='ocrx_word' id='word_1_79' title='bbox 492 1138 706 1208; x_wconf 83' lang='lat' dir='ltr'><strong>vitium</strong></span> <span class='ocrx_word' id='word_1_80' title='bbox 748 1139 1008 1210; x_wconf 83' lang='lat' dir='ltr'><strong>necesse</strong></span> <span class='ocrx_word' id='word_1_81' title='bbox 1051 1153 1149 1211; x_wconf 86' lang='lat' dir='ltr'><strong>est</strong></span> <span class='ocrx_word' id='word_1_82' title='bbox 1186 1153 1261 1210; x_wconf 89' lang='lat' dir='ltr'><strong>ut</strong></span> <span class='ocrx_word' id='word_1_83' title='bbox 1299 1152 1500 1212; x_wconf 86' lang='lat' dir='ltr'><strong>semet</strong></span> <span class='ocrx_word' id='word_1_84' title='bbox 1537 1145 1741 1232; x_wconf 89' lang='lat' dir='ltr'><strong>ipsum</strong></span> <span class='ocrx_word' id='word_1_85' title='bbox 1783 1148 2005 1233; x_wconf 90' lang='lat' dir='ltr'><strong>prodat</strong></span> <span class='ocrx_word' id='word_1_86' title='bbox 2042 1157 2111 1214; x_wconf 90' lang='lat' dir='ltr'><strong>et</strong></span> <span class='ocrx_word' id='word_1_87' title='bbox 2150 1150 2356 1235; x_wconf 88' lang='lat' dir='ltr'><strong>ipsum</strong></span> <span class='ocrx_word' id='word_1_88' title='bbox 2386 1170 2575 1236; x_wconf 91' lang='lat' dir='ltr'><strong>quam</strong></span> <span class='ocrx_word' id='word_1_89' title='bbox 2608 1150 2693 1215; x_wconf 91' lang='lat' dir='ltr'><strong>sit</strong></span> 
     </span>
     <span class='ocr_line' id='line_1_11' title="bbox 350 1237 2692 1329; baseline 0.007 -35"><span class='ocrx_word' id='word_1_90' title='bbox 350 1250 505 1297; x_wconf 88' lang='lat' dir='ltr'><strong>vana</strong></span> <span class='ocrx_word' id='word_1_91' title='bbox 556 1237 715 1303; x_wconf 84' lang='lat' dir='ltr'><strong>ratio</strong></span> <span class='ocrx_word' id='word_1_92' title='bbox 756 1239 860 1304; x_wconf 89' lang='lat' dir='ltr'><strong>illa</strong></span> <span class='ocrx_word' id='word_1_93' title='bbox 900 1240 1154 1306; x_wconf 79' lang='lat' dir='ltr'><strong>evincat</strong></span> <span class='ocrx_word' id='word_1_94' title='bbox 1194 1256 1273 1289; x_wconf 60' lang='lat' dir='ltr'><strong>-ss-</strong></span> <span class='ocrx_word' id='word_1_95' title='bbox 1322 1238 1629 1308; x_wconf 85' lang='lat' dir='ltr'><strong>Videlicet</strong></span> <span class='ocrx_word' id='word_1_96' title='bbox 1677 1262 1872 1329; x_wconf 90' lang='lat' dir='ltr'><strong>quum</strong></span> <span class='ocrx_word' id='word_1_97' title='bbox 1921 1238 2085 1329; x_wconf 85' lang='lat' dir='ltr'><strong>quae</strong></span> <span class='ocrx_word' id='word_1_98' title='bbox 2138 1244 2203 1309; x_wconf 90' lang='lat' dir='ltr'><strong>in</strong></span> <span class='ocrx_word' id='word_1_99' title='bbox 2256 1251 2476 1326; x_wconf 80' lang='lat' dir='ltr'><strong>aperto</strong></span> <span class='ocrx_word' id='word_1_100' title='bbox 2528 1252 2692 1324; x_wconf 79' lang='lat' dir='ltr'><strong>sunt,</strong></span> 
     </span>
     <span class='ocr_line' id='line_1_12' title="bbox 351 1327 2693 1426; baseline 0.007 -37"><span class='ocrx_word' id='word_1_101' title='bbox 351 1327 665 1414; x_wconf 80' lang='lat' dir='ltr'><strong>negligant</strong></span> <span class='ocrx_word' id='word_1_102' title='bbox 703 1333 808 1401; x_wconf 86' lang='lat' dir='ltr'><strong>isti</strong></span> <span class='ocrx_word' id='word_1_103' title='bbox 847 1335 1234 1422; x_wconf 88' lang='lat' dir='ltr'><strong>interpretes,</strong></span> <span class='ocrx_word' id='word_1_104' title='bbox 1274 1343 1532 1403; x_wconf 88' lang='lat' dir='ltr'><strong>manent</strong></span> <span class='ocrx_word' id='word_1_105' title='bbox 1572 1357 1647 1403; x_wconf 90' lang='lat' dir='ltr'><strong>ea</strong></span> <span class='ocrx_word' id='word_1_106' title='bbox 1688 1359 1817 1404; x_wconf 90' lang='lat' dir='ltr'><strong>non</strong></span> <span class='ocrx_word' id='word_1_107' title='bbox 1858 1337 2161 1424; x_wconf 84' lang='lat' dir='ltr'><strong>explicata</strong></span> <span class='ocrx_word' id='word_1_108' title='bbox 2201 1346 2266 1405; x_wconf 89' lang='lat' dir='ltr'><strong>et</strong></span> <span class='ocrx_word' id='word_1_109' title='bbox 2299 1359 2476 1405; x_wconf 87' lang='lat' dir='ltr'><strong>suam</strong></span> <span class='ocrx_word' id='word_1_110' title='bbox 2501 1360 2693 1426; x_wconf 88' lang='lat' dir='ltr'><strong>prae-</strong></span> 
     </span>
     <span class='ocr_line' id='line_1_13' title="bbox 351 1428 2697 1514; baseline 0.006 -28"><span class='ocrx_word' id='word_1_111' title='bbox 351 1428 524 1488; x_wconf 85' lang='lat' dir='ltr'><strong>terea</strong></span> <span class='ocrx_word' id='word_1_112' title='bbox 574 1428 1049 1514; x_wconf 83' lang='lat' dir='ltr'><strong>explicationem</strong></span> <span class='ocrx_word' id='word_1_113' title='bbox 1098 1431 1471 1499; x_wconf 88' lang='lat' dir='ltr'><strong>desiderant.</strong></span> <span class='ocrx_word' id='word_1_114' title='bbox 1565 1433 1803 1499; x_wconf 89' lang='lat' dir='ltr'><strong>Sensus</strong></span> <span class='ocrx_word' id='word_1_115' title='bbox 1850 1455 1998 1502; x_wconf 88' lang='lat' dir='ltr'><strong>vero</strong></span> <span class='ocrx_word' id='word_1_116' title='bbox 2049 1434 2310 1501; x_wconf 89' lang='lat' dir='ltr'><strong>interior</strong></span> <span class='ocrx_word' id='word_1_117' title='bbox 2356 1440 2561 1512; x_wconf 89' lang='lat' dir='ltr'><strong>totus,</strong></span> <span class='ocrx_word' id='word_1_118' title='bbox 2619 1441 2697 1501; x_wconf 91' lang='lat' dir='ltr'><strong>ut</strong></span> 
     </span>
     <span class='ocr_line' id='line_1_14' title="bbox 352 1515 2772 1614; baseline 0.007 -35"><span class='ocrx_word' id='word_1_119' title='bbox 352 1515 441 1581; x_wconf 90' lang='lat' dir='ltr'><strong>illi</strong></span> <span class='ocrx_word' id='word_1_120' title='bbox 482 1522 737 1606; x_wconf 87' lang='lat' dir='ltr'><strong>quidem</strong></span> <span class='ocrx_word' id='word_1_121' title='bbox 778 1526 895 1592; x_wconf 91' lang='lat' dir='ltr'><strong>sibi</strong></span> <span class='ocrx_word' id='word_1_122' title='bbox 937 1528 1347 1610; x_wconf 88' lang='lat' dir='ltr'><strong>persuadent,</strong></span> <span class='ocrx_word' id='word_1_123' title='bbox 1399 1528 1523 1594; x_wconf 88' lang='lat' dir='ltr'><strong>iam</strong></span> <span class='ocrx_word' id='word_1_124' title='bbox 1573 1536 1671 1594; x_wconf 86' lang='lat' dir='ltr'><strong>est</strong></span> <span class='ocrx_word' id='word_1_125' title='bbox 1722 1534 1939 1594; x_wconf 89' lang='lat' dir='ltr'><strong>erutus</strong></span> <span class='ocrx_word' id='word_1_126' title='bbox 1992 1535 2058 1594; x_wconf 89' lang='lat' dir='ltr'><strong>et</strong></span> <span class='ocrx_word' id='word_1_127' title='bbox 2104 1529 2284 1614; x_wconf 88' lang='lat' dir='ltr'><strong>quasi</strong></span> <span class='ocrx_word' id='word_1_128' title='bbox 2332 1528 2695 1608; x_wconf 75' lang='lat' dir='ltr'><strong>exhaustae,</strong></span> <span class='ocrx_word' id='word_1_129' title='bbox 2765 1542 2772 1545; x_wconf 82' lang='grc'><strong>’</strong></span> 
     </span>
     <span class='ocr_line' id='line_1_15' title="bbox 351 1611 2692 1709; baseline 0.005 -33"><span class='ocrx_word' id='word_1_130' title='bbox 351 1611 439 1678; x_wconf 85' lang='lat' dir='ltr'><strong>ita</strong></span> <span class='ocrx_word' id='word_1_131' title='bbox 469 1622 540 1681; x_wconf 89' lang='lat' dir='ltr'><strong>ut</strong></span> <span class='ocrx_word' id='word_1_132' title='bbox 570 1619 742 1686; x_wconf 87' lang='lat' dir='ltr'><strong>nulla</strong></span> <span class='ocrx_word' id='word_1_133' title='bbox 771 1622 890 1687; x_wconf 87' lang='lat' dir='ltr'><strong>nisi</strong></span> <span class='ocrx_word' id='word_1_134' title='bbox 924 1622 1141 1708; x_wconf 84' lang='lat' dir='ltr'><strong>frigida</strong></span> <span class='ocrx_word' id='word_1_135' title='bbox 1173 1632 1236 1690; x_wconf 89' lang='lat' dir='ltr'><strong>et</strong></span> <span class='ocrx_word' id='word_1_136' title='bbox 1264 1623 1413 1689; x_wconf 89' lang='lat' dir='ltr'><strong>levis</strong></span> <span class='ocrx_word' id='word_1_137' title='bbox 1441 1622 1867 1707; x_wconf 87' lang='lat' dir='ltr'><strong>interpretatio</strong></span> <span class='ocrx_word' id='word_1_138' title='bbox 1908 1621 2028 1688; x_wconf 89' lang='lat' dir='ltr'><strong>illis</strong></span> <span class='ocrx_word' id='word_1_139' title='bbox 2071 1623 2273 1709; x_wconf 88' lang='lat' dir='ltr'><strong>possit</strong></span> <span class='ocrx_word' id='word_1_140' title='bbox 2312 1623 2692 1708; x_wconf 87' lang='lat' dir='ltr'><strong>contingere.</strong></span> 
     </span>
    </p>

    <p class='ocr_par' dir='ltr' id='par_1_4' title="bbox 260 1712 2700 2758">
     <span class='ocr_line' id='line_1_16' title="bbox 509 1712 2694 1799; baseline 0.004 -24"><span class='ocrx_word' id='word_1_141' title='bbox 509 1712 580 1776; x_wconf 82' lang='lat' dir='ltr'><strong>Id</strong></span> <span class='ocrx_word' id='word_1_142' title='bbox 622 1714 740 1799; x_wconf 91' lang='lat' dir='ltr'><strong>ipsi</strong></span> <span class='ocrx_word' id='word_1_143' title='bbox 783 1716 1177 1783; x_wconf 90' lang='lat' dir='ltr'><strong>Welckero</strong></span> <span class='ocrx_word' id='word_1_144' title='bbox 1218 1717 1456 1784; x_wconf 85' lang='lat' dir='ltr'><strong>accidit.</strong></span> <span class='ocrx_word' id='word_1_145' title='bbox 1538 1717 1773 1782; x_wconf 88' lang='lat' dir='ltr'><strong>Habuit</strong></span> <span class='ocrx_word' id='word_1_146' title='bbox 1811 1716 1978 1782; x_wconf 89' lang='lat' dir='ltr'><strong>enim</strong></span> <span class='ocrx_word' id='word_1_147' title='bbox 2018 1719 2235 1784; x_wconf 83' lang='lat' dir='ltr'><strong>Jovem</strong></span> <span class='ocrx_word' id='word_1_148' title='bbox 2278 1717 2471 1796; x_wconf 89' lang='lat' dir='ltr'><strong>illum,</strong></span> <span class='ocrx_word' id='word_1_149' title='bbox 2511 1718 2694 1784; x_wconf 84' lang='lat' dir='ltr'><strong>cuius</strong></span> 
     </span>
     <span class='ocr_line' id='line_1_17' title="bbox 353 1807 2694 1895; baseline 0.005 -27"><span class='ocrx_word' id='word_1_150' title='bbox 353 1811 533 1870; x_wconf 90' lang='lat' dir='ltr'><strong>antea</strong></span> <span class='ocrx_word' id='word_1_151' title='bbox 575 1807 1018 1878; x_wconf 88' lang='lat' dir='ltr'><strong>immanitatem</strong></span> <span class='ocrx_word' id='word_1_152' title='bbox 1060 1812 1138 1879; x_wconf 91' lang='lat' dir='ltr'><strong>ad</strong></span> <span class='ocrx_word' id='word_1_153' title='bbox 1181 1817 1462 1878; x_wconf 89' lang='lat' dir='ltr'><strong>naturam</strong></span> <span class='ocrx_word' id='word_1_154' title='bbox 1504 1832 1716 1879; x_wconf 87' lang='lat' dir='ltr'><strong>rerum</strong></span> <span class='ocrx_word' id='word_1_155' title='bbox 1757 1812 2083 1893; x_wconf 86' lang='lat' dir='ltr'><strong>retulerat,</strong></span> <span class='ocrx_word' id='word_1_156' title='bbox 2123 1813 2210 1879; x_wconf 89' lang='lat' dir='ltr'><strong>ita</strong></span> <span class='ocrx_word' id='word_1_157' title='bbox 2250 1820 2575 1895; x_wconf 84' lang='lat' dir='ltr'><strong>praeterea</strong></span> <span class='ocrx_word' id='word_1_158' title='bbox 2615 1814 2694 1878; x_wconf 89' lang='lat' dir='ltr'><strong>ab</strong></span> 
     </span>
     <span class='ocr_line' id='line_1_18' title="bbox 352 1901 2695 1990; baseline 0.005 -26"><span class='ocrx_word' id='word_1_159' title='bbox 352 1901 659 1990; x_wconf 80' lang='lat' dir='ltr'><strong>Aeschylo</strong></span> <span class='ocrx_word' id='word_1_160' title='bbox 708 1906 1091 1989; x_wconf 88' lang='lat' dir='ltr'><strong>descriptum</strong></span> <span class='ocrx_word' id='word_1_161' title='bbox 1141 1915 1206 1973; x_wconf 95' lang='lat' dir='ltr'><strong>et</strong></span> <span class='ocrx_word' id='word_1_162' title='bbox 1252 1913 1652 1988; x_wconf 85' lang='lat' dir='ltr'><strong>exornatum,</strong></span> <span class='ocrx_word' id='word_1_163' title='bbox 1703 1914 1776 1975; x_wconf 93' lang='lat' dir='ltr'><strong>ut</strong></span> <span class='ocrx_word' id='word_1_164' title='bbox 1824 1908 2018 1975; x_wconf 88' lang='lat' dir='ltr'><strong>multa</strong></span> <span class='ocrx_word' id='word_1_165' title='bbox 2067 1908 2145 1973; x_wconf 91' lang='lat' dir='ltr'><strong>ad</strong></span> <span class='ocrx_word' id='word_1_166' title='bbox 2194 1908 2383 1974; x_wconf 92' lang='lat' dir='ltr'><strong>deum</strong></span> <span class='ocrx_word' id='word_1_167' title='bbox 2429 1916 2695 1989; x_wconf 91' lang='lat' dir='ltr'><strong>tantum,</strong></span> 
     </span>
     <span class='ocr_line' id='line_1_19' title="bbox 353 1998 2696 2090; baseline 0.004 -30"><span class='ocrx_word' id='word_1_168' title='bbox 353 2017 482 2062; x_wconf 90' lang='lat' dir='ltr'><strong>non</strong></span> <span class='ocrx_word' id='word_1_169' title='bbox 523 1998 740 2067; x_wconf 90' lang='lat' dir='ltr'><strong>itidem</strong></span> <span class='ocrx_word' id='word_1_170' title='bbox 782 2002 861 2069; x_wconf 90' lang='lat' dir='ltr'><strong>ad</strong></span> <span class='ocrx_word' id='word_1_171' title='bbox 901 2010 1186 2070; x_wconf 88' lang='lat' dir='ltr'><strong>naturam</strong></span> <span class='ocrx_word' id='word_1_172' title='bbox 1229 2004 1624 2090; x_wconf 89' lang='lat' dir='ltr'><strong>quadrarent.</strong></span> <span class='ocrx_word' id='word_1_173' title='bbox 1715 2003 1879 2070; x_wconf 87' lang='lat' dir='ltr'><strong>Huic</strong></span> <span class='ocrx_word' id='word_1_174' title='bbox 1919 2003 2107 2089; x_wconf 81' lang='lat' dir='ltr'><strong>igitur</strong></span> <span class='ocrx_word' id='word_1_175' title='bbox 2147 2003 2382 2090; x_wconf 88' lang='lat' dir='ltr'><strong>pariter</strong></span> <span class='ocrx_word' id='word_1_176' title='bbox 2419 2024 2492 2070; x_wconf 91' lang='lat' dir='ltr'><strong>ac</strong></span> <span class='ocrx_word' id='word_1_177' title='bbox 2529 2006 2696 2069; x_wconf 88' lang='lat' dir='ltr'><strong>Pro-</strong></span> 
     </span>
     <span class='ocr_line' id='line_1_20' title="bbox 353 2093 2695 2186; baseline 0.004 -30"><span class='ocrx_word' id='word_1_178' title='bbox 353 2093 606 2161; x_wconf 89' lang='lat' dir='ltr'><strong>metheo</strong></span> <span class='ocrx_word' id='word_1_179' title='bbox 660 2119 778 2183; x_wconf 90' lang='lat' dir='ltr'><strong>per</strong></span> <span class='ocrx_word' id='word_1_180' title='bbox 847 2119 915 2164; x_wconf 92' lang='lat' dir='ltr'><strong>se</strong></span> <span class='ocrx_word' id='word_1_181' title='bbox 990 2098 1299 2186; x_wconf 90' lang='lat' dir='ltr'><strong>quandam</strong></span> <span class='ocrx_word' id='word_1_182' title='bbox 1369 2098 1730 2184; x_wconf 87' lang='lat' dir='ltr'><strong>dignitatem</strong></span> <span class='ocrx_word' id='word_1_183' title='bbox 1800 2099 2268 2165; x_wconf 88' lang='lat' dir='ltr'><strong>adscribendam</strong></span> <span class='ocrx_word' id='word_1_184' title='bbox 2329 2120 2469 2166; x_wconf 88' lang='lat' dir='ltr'><strong>esse</strong></span> <span class='ocrx_word' id='word_1_185' title='bbox 2527 2099 2695 2167; x_wconf 85' lang='lat' dir='ltr'><strong>vidit.</strong></span> 
     </span>
     <span class='ocr_line' id='line_1_21' title="bbox 354 2186 2699 2278; baseline 0.002 -22"><span class='ocrx_word' id='word_1_186' title='bbox 354 2186 480 2252; x_wconf 83' lang='lat' dir='ltr'><strong>Sed</strong></span> <span class='ocrx_word' id='word_1_187' title='bbox 522 2210 720 2275; x_wconf 90' lang='lat' dir='ltr'><strong>quum</strong></span> <span class='ocrx_word' id='word_1_188' title='bbox 759 2194 1003 2260; x_wconf 85' lang='lat' dir='ltr'><strong>tantum</strong></span> <span class='ocrx_word' id='word_1_189' title='bbox 1044 2195 1167 2260; x_wconf 90' lang='lat' dir='ltr'><strong>iam</strong></span> <span class='ocrx_word' id='word_1_190' title='bbox 1197 2194 1263 2259; x_wconf 91' lang='lat' dir='ltr'><strong>in</strong></span> <span class='ocrx_word' id='word_1_191' title='bbox 1293 2193 1667 2278; x_wconf 84' lang='lat' dir='ltr'><strong>exponendo</strong></span> <span class='ocrx_word' id='word_1_192' title='bbox 1693 2192 1990 2260; x_wconf 91' lang='lat' dir='ltr'><strong>interiore</strong></span> <span class='ocrx_word' id='word_1_193' title='bbox 2024 2214 2215 2261; x_wconf 86' lang='lat' dir='ltr'><strong>sensu</strong></span> <span class='ocrx_word' id='word_1_194' title='bbox 2243 2194 2503 2262; x_wconf 87' lang='lat' dir='ltr'><strong>rationis</strong></span> <span class='ocrx_word' id='word_1_195' title='bbox 2535 2216 2699 2260; x_wconf 89' lang='lat' dir='ltr'><strong>con-</strong></span> 
     </span>
     <span class='ocr_line' id='line_1_22' title="bbox 355 2283 2699 2377; baseline 0.004 -31"><span class='ocrx_word' id='word_1_196' title='bbox 355 2283 746 2367; x_wconf 83' lang='lat' dir='ltr'><strong>sumpsisset,</strong></span> <span class='ocrx_word' id='word_1_197' title='bbox 787 2310 916 2356; x_wconf 90' lang='lat' dir='ltr'><strong>non</strong></span> <span class='ocrx_word' id='word_1_198' title='bbox 957 2290 1163 2377; x_wconf 87' lang='lat' dir='ltr'><strong>potuit</strong></span> <span class='ocrx_word' id='word_1_199' title='bbox 1201 2310 1330 2356; x_wconf 90' lang='lat' dir='ltr'><strong>non</strong></span> <span class='ocrx_word' id='word_1_200' title='bbox 1370 2291 1531 2356; x_wconf 89' lang='lat' dir='ltr'><strong>male</strong></span> <span class='ocrx_word' id='word_1_201' title='bbox 1573 2309 1716 2357; x_wconf 91' lang='lat' dir='ltr'><strong>cum</strong></span> <span class='ocrx_word' id='word_1_202' title='bbox 1759 2287 1877 2354; x_wconf 92' lang='lat' dir='ltr'><strong>deo</strong></span> <span class='ocrx_word' id='word_1_203' title='bbox 1918 2310 2121 2375; x_wconf 86' lang='lat' dir='ltr'><strong>agere.</strong></span> <span class='ocrx_word' id='word_1_204' title='bbox 2189 2291 2510 2375; x_wconf 89' lang='lat' dir='ltr'><strong>Impotens</strong></span> <span class='ocrx_word' id='word_1_205' title='bbox 2549 2288 2699 2355; x_wconf 89' lang='lat' dir='ltr'><strong>inde</strong></span> 
     </span>
     <span class='ocr_line' id='line_1_23' title="bbox 260 2377 2699 2471; baseline 0.004 -28"><span class='ocrx_word' id='word_1_206' title='bbox 260 2378 267 2383; x_wconf 82' lang='grc'><strong>’</strong></span> <span class='ocrx_word' id='word_1_207' title='bbox 352 2377 599 2466; x_wconf 82' lang='lat' dir='ltr'><strong>Jupiter</strong></span> <span class='ocrx_word' id='word_1_208' title='bbox 639 2382 935 2471; x_wconf 90' lang='lat' dir='ltr'><strong>Optimus</strong></span> <span class='ocrx_word' id='word_1_209' title='bbox 973 2385 1286 2455; x_wconf 84' lang='lat' dir='ltr'><strong>Maximus</strong></span> <span class='ocrx_word' id='word_1_210' title='bbox 1336 2386 1567 2467; x_wconf 88' lang='lat' dir='ltr'><strong>evadit,</strong></span> <span class='ocrx_word' id='word_1_211' title='bbox 1624 2391 1819 2452; x_wconf 89' lang='lat' dir='ltr'><strong>totam</strong></span> <span class='ocrx_word' id='word_1_212' title='bbox 1865 2384 2134 2454; x_wconf 82' lang='lat' dir='ltr'><strong>fabulam</strong></span> <span class='ocrx_word' id='word_1_213' title='bbox 2184 2380 2484 2453; x_wconf 89' lang='lat' dir='ltr'><strong>illudendi</strong></span> <span class='ocrx_word' id='word_1_214' title='bbox 2526 2384 2699 2452; x_wconf 82' lang='lat' dir='ltr'><strong>Jovis</strong></span> 
     </span>
     <span class='ocr_line' id='line_1_24' title="bbox 357 2480 2699 2569; baseline 0.003 -30"><span class='ocrx_word' id='word_1_215' title='bbox 357 2494 544 2543; x_wconf 87' lang='lat' dir='ltr'><strong>causa</strong></span> <span class='ocrx_word' id='word_1_216' title='bbox 584 2483 994 2569; x_wconf 87' lang='lat' dir='ltr'><strong>compositam</strong></span> <span class='ocrx_word' id='word_1_217' title='bbox 1036 2504 1176 2549; x_wconf 90' lang='lat' dir='ltr'><strong>esse</strong></span> <span class='ocrx_word' id='word_1_218' title='bbox 1219 2484 1532 2549; x_wconf 88' lang='lat' dir='ltr'><strong>docemur.</strong></span> <span class='ocrx_word' id='word_1_219' title='bbox 1613 2483 1745 2548; x_wconf 91' lang='lat' dir='ltr'><strong>Nec</strong></span> <span class='ocrx_word' id='word_1_220' title='bbox 1786 2480 2025 2569; x_wconf 89' lang='lat' dir='ltr'><strong>primus</strong></span> <span class='ocrx_word' id='word_1_221' title='bbox 2065 2482 2509 2548; x_wconf 86' lang='lat' dir='ltr'><strong>Welckerus</strong></span> <span class='ocrx_word' id='word_1_222' title='bbox 2551 2481 2699 2547; x_wconf 87' lang='lat' dir='ltr'><strong>talia</strong></span> 
     </span>
     <span class='ocr_line' id='line_1_25' title="bbox 356 2577 2698 2665; baseline 0.004 -31"><span class='ocrx_word' id='word_1_223' title='bbox 356 2590 549 2638; x_wconf 87' lang='lat' dir='ltr'><strong>ausus</strong></span> <span class='ocrx_word' id='word_1_224' title='bbox 599 2584 714 2641; x_wconf 86' lang='lat' dir='ltr'><strong>est.</strong></span> <span class='ocrx_word' id='word_1_225' title='bbox 804 2579 1007 2644; x_wconf 84' lang='lat' dir='ltr'><strong>Affert</strong></span> <span class='ocrx_word' id='word_1_226' title='bbox 1054 2579 1193 2665; x_wconf 88' lang='lat' dir='ltr'><strong>ipse</strong></span> <span class='ocrx_word' id='word_1_227' title='bbox 1239 2581 1278 2644; x_wconf 84' lang='lat' dir='ltr'>J</span> <span class='ocrx_word' id='word_1_228' title='bbox 1290 2578 1834 2644; x_wconf 83' lang='lat' dir='ltr'><strong>o.Muellerum</strong></span> <span class='ocrx_word' id='word_1_229' title='bbox 1882 2577 2048 2642; x_wconf 89' lang='lat' dir='ltr'><strong>inter</strong></span> <span class='ocrx_word' id='word_1_230' title='bbox 2100 2577 2217 2644; x_wconf 88' lang='lat' dir='ltr'><strong>alia</strong></span> <span class='ocrx_word' id='word_1_231' title='bbox 2265 2577 2422 2643; x_wconf 88' lang='lat' dir='ltr'><strong>haec</strong></span> <span class='ocrx_word' id='word_1_232' title='bbox 2474 2577 2698 2663; x_wconf 90' lang='lat' dir='ltr'><strong>dispu-</strong></span> 
     </span>
     <span class='ocr_line' id='line_1_26' title="bbox 355 2671 2700 2758; baseline 0.003 -29"><span class='ocrx_word' id='word_1_233' title='bbox 355 2671 619 2734; x_wconf 87' lang='lat' dir='ltr'><strong>tantem:</strong></span> <span class='ocrx_word' id='word_1_234' title='bbox 660 2672 838 2750; x_wconf 89' lang='lat' dir='ltr'><strong>„Nec</strong></span> <span class='ocrx_word' id='word_1_235' title='bbox 879 2693 1027 2737; x_wconf 88' lang='lat' dir='ltr'><strong>sane</strong></span> <span class='ocrx_word' id='word_1_236' title='bbox 1057 2673 1212 2738; x_wconf 89' lang='lat' dir='ltr'><strong>haec</strong></span> <span class='ocrx_word' id='word_1_237' title='bbox 1238 2671 1557 2757; x_wconf 84' lang='lat' dir='ltr'><strong>tragoedia</strong></span> <span class='ocrx_word' id='word_1_238' title='bbox 1583 2671 1881 2753; x_wconf 87' lang='lat' dir='ltr'><strong>pietatem</strong></span> <span class='ocrx_word' id='word_1_239' title='bbox 1914 2671 2133 2758; x_wconf 69' lang='lat' dir='ltr'><strong>spirata</strong></span> <span class='ocrx_word' id='word_1_240' title='bbox 2174 2672 2330 2738; x_wconf 90' lang='lat' dir='ltr'><strong>adeo</strong></span> <span class='ocrx_word' id='word_1_241' title='bbox 2359 2679 2434 2739; x_wconf 90' lang='lat' dir='ltr'><strong>ut</strong></span> <span class='ocrx_word' id='word_1_242' title='bbox 2461 2679 2700 2752; x_wconf 87' lang='lat' dir='ltr'><strong>auctor,</strong></span> 
     </span>
    </p>
   </div>
   <div class='ocr_carea' id='block_1_3' title="bbox 222 2758 2700 2855">
    <p class='ocr_par' dir='ltr' id='par_1_5' title="bbox 222 2758 2700 2855">
     <span class='ocr_line' id='line_1_27' title="bbox 222 2758 2700 2855; baseline 0.004 -33"><span class='ocrx_word' id='word_1_243' title='bbox 222 2845 231 2848; x_wconf 13' lang='lat' dir='ltr'><em>r</em></span> <span class='ocrx_word' id='word_1_244' title='bbox 355 2758 610 2848; x_wconf 84' lang='lat' dir='ltr'><strong>indigna</strong></span> <span class='ocrx_word' id='word_1_245' title='bbox 657 2786 914 2848; x_wconf 88' lang='lat' dir='ltr'><strong>passus,</strong></span> <span class='ocrx_word' id='word_1_246' title='bbox 974 2767 1179 2834; x_wconf 82' lang='lat' dir='ltr'><strong>fessus</strong></span> <span class='ocrx_word' id='word_1_247' title='bbox 1228 2767 1438 2833; x_wconf 89' lang='lat' dir='ltr'><strong>labore</strong></span> <span class='ocrx_word' id='word_1_248' title='bbox 1485 2767 1646 2834; x_wconf 81' lang='lat' dir='ltr'><strong>vitae</strong></span> <span class='ocrx_word' id='word_1_249' title='bbox 1697 2787 1774 2832; x_wconf 82' lang='lat' dir='ltr'><strong>ex</strong></span> <span class='ocrx_word' id='word_1_250' title='bbox 1821 2767 2178 2833; x_wconf 89' lang='lat' dir='ltr'><strong>Promethei</strong></span> <span class='ocrx_word' id='word_1_251' title='bbox 2226 2788 2496 2855; x_wconf 88' lang='lat' dir='ltr'><strong>persona</strong></span> <span class='ocrx_word' id='word_1_252' title='bbox 2544 2767 2700 2833; x_wconf 90' lang='lat' dir='ltr'><strong>deos</strong></span> 
     </span>
    </p>
   </div>
   <div class='ocr_carea' id='block_1_4' title="bbox 342 2855 2706 4283">
    <p class='ocr_par' dir='ltr' id='par_1_6' title="bbox 356 2855 2701 3232">
     <span class='ocr_line' id='line_1_28' title="bbox 357 2855 2700 2949; baseline 0.003 -29"><span class='ocrx_word' id='word_1_253' title='bbox 357 2855 497 2941; x_wconf 86' lang='lat' dir='ltr'><strong>ipse</strong></span> <span class='ocrx_word' id='word_1_254' title='bbox 522 2880 816 2930; x_wconf 87' lang='lat' dir='ltr'><strong>accusare</strong></span> <span class='ocrx_word' id='word_1_255' title='bbox 849 2863 1039 2930; x_wconf 83' lang='lat' dir='ltr'><strong>videri</strong></span> <span class='ocrx_word' id='word_1_256' title='bbox 1069 2861 1388 2949; x_wconf 75' lang='lat' dir='ltr'><strong>possit*)“.</strong></span> <span class='ocrx_word' id='word_1_257' title='bbox 1450 2863 1679 2928; x_wconf 83' lang='lat' dir='ltr'><strong>Differt</strong></span> <span class='ocrx_word' id='word_1_258' title='bbox 1711 2862 1787 2927; x_wconf 93' lang='lat' dir='ltr'><strong>ab</strong></span> <span class='ocrx_word' id='word_1_259' title='bbox 1819 2861 1940 2927; x_wconf 88' lang='lat' dir='ltr'><strong>hoc</strong></span> <span class='ocrx_word' id='word_1_260' title='bbox 1971 2863 2058 2927; x_wconf 91' lang='lat' dir='ltr'><strong>ita</strong></span> <span class='ocrx_word' id='word_1_261' title='bbox 2076 2870 2317 2930; x_wconf 90' lang='lat' dir='ltr'><strong>tantum</strong></span> <span class='ocrx_word' id='word_1_262' title='bbox 2337 2863 2700 2929; x_wconf 87' lang='lat' dir='ltr'><strong>Welcke-</strong></span> 
     </span>
     <span class='ocr_line' id='line_1_29' title="bbox 357 2956 2700 3046; baseline 0.003 -32"><span class='ocrx_word' id='word_1_263' title='bbox 357 2970 483 3018; x_wconf 89' lang='lat' dir='ltr'><strong>rus</strong></span> <span class='ocrx_word' id='word_1_264' title='bbox 515 2963 588 3020; x_wconf 86' lang='lat' dir='ltr'><strong>ut</strong></span> <span class='ocrx_word' id='word_1_265' title='bbox 615 2978 744 3023; x_wconf 87' lang='lat' dir='ltr'><strong>non</strong></span> <span class='ocrx_word' id='word_1_266' title='bbox 778 2979 1027 3024; x_wconf 87' lang='lat' dir='ltr'><strong>summo</strong></span> <span class='ocrx_word' id='word_1_267' title='bbox 1059 2958 1144 3023; x_wconf 92' lang='lat' dir='ltr'><strong>illi</strong></span> <span class='ocrx_word' id='word_1_268' title='bbox 1164 2959 1302 3025; x_wconf 82' lang='lat' dir='ltr'><strong>Jovi</strong></span> <span class='ocrx_word' id='word_1_269' title='bbox 1335 2960 1445 3026; x_wconf 90' lang='lat' dir='ltr'><strong>sed</strong></span> <span class='ocrx_word' id='word_1_270' title='bbox 1470 2957 1806 3036; x_wconf 86' lang='lat' dir='ltr'><strong>Hesiodeo,</strong></span> <span class='ocrx_word' id='word_1_271' title='bbox 1845 2964 1989 3046; x_wconf 90' lang='lat' dir='ltr'><strong>post</strong></span> <span class='ocrx_word' id='word_1_272' title='bbox 2019 2957 2175 3023; x_wconf 85' lang='lat' dir='ltr'><strong>alios</strong></span> <span class='ocrx_word' id='word_1_273' title='bbox 2201 2958 2453 3023; x_wconf 90' lang='lat' dir='ltr'><strong>demum</strong></span> <span class='ocrx_word' id='word_1_274' title='bbox 2482 2956 2700 3024; x_wconf 90' lang='lat' dir='ltr'><strong>mundi</strong></span> 
     </span>
     <span class='ocr_line' id='line_1_30' title="bbox 357 3047 2701 3139; baseline 0.003 -26"><span class='ocrx_word' id='word_1_275' title='bbox 357 3047 789 3131; x_wconf 85' lang='lat' dir='ltr'><strong>gubernatori,</strong></span> <span class='ocrx_word' id='word_1_276' title='bbox 839 3059 983 3138; x_wconf 91' lang='lat' dir='ltr'><strong>post</strong></span> <span class='ocrx_word' id='word_1_277' title='bbox 1033 3051 1195 3118; x_wconf 86' lang='lat' dir='ltr'><strong>bella</strong></span> <span class='ocrx_word' id='word_1_278' title='bbox 1244 3058 1309 3118; x_wconf 89' lang='lat' dir='ltr'><strong>et</strong></span> <span class='ocrx_word' id='word_1_279' title='bbox 1356 3053 1479 3118; x_wconf 80' lang='lat' dir='ltr'><strong>fata</strong></span> <span class='ocrx_word' id='word_1_280' title='bbox 1529 3052 1608 3118; x_wconf 91' lang='lat' dir='ltr'><strong>ad</strong></span> <span class='ocrx_word' id='word_1_281' title='bbox 1655 3056 1819 3138; x_wconf 88' lang='lat' dir='ltr'><strong>regis</strong></span> <span class='ocrx_word' id='word_1_282' title='bbox 1871 3052 2230 3139; x_wconf 86' lang='lat' dir='ltr'><strong>dignitatem</strong></span> <span class='ocrx_word' id='word_1_283' title='bbox 2280 3060 2571 3135; x_wconf 82' lang='lat' dir='ltr'><strong>provecto</strong></span> <span class='ocrx_word' id='word_1_284' title='bbox 2622 3054 2701 3119; x_wconf 86' lang='lat' dir='ltr'><strong>ab</strong></span> 
     </span>
     <span class='ocr_line' id='line_1_31' title="bbox 356 3144 1099 3232; baseline 0.011 -26"><span class='ocrx_word' id='word_1_285' title='bbox 356 3144 664 3232; x_wconf 82' lang='lat' dir='ltr'><strong>Aeschylo</strong></span> <span class='ocrx_word' id='word_1_286' title='bbox 704 3147 881 3216; x_wconf 84' lang='lat' dir='ltr'><strong>illudi</strong></span> <span class='ocrx_word' id='word_1_287' title='bbox 921 3147 1099 3214; x_wconf 85' lang='lat' dir='ltr'><strong>dieat.</strong></span> 
     </span>
    </p>

    <p class='ocr_par' dir='ltr' id='par_1_7' title="bbox 360 3240 2704 3901">
     <span class='ocr_line' id='line_1_32' title="bbox 520 3240 2702 3330; baseline 0.001 -22"><span class='ocrx_word' id='word_1_288' title='bbox 520 3240 726 3320; x_wconf 84' lang='lat' dir='ltr'><strong>Quam</strong></span> <span class='ocrx_word' id='word_1_289' title='bbox 766 3264 913 3311; x_wconf 83' lang='lat' dir='ltr'><strong>vero</strong></span> <span class='ocrx_word' id='word_1_290' title='bbox 956 3244 1037 3310; x_wconf 88' lang='lat' dir='ltr'><strong>sit</strong></span> <span class='ocrx_word' id='word_1_291' title='bbox 1075 3244 1225 3312; x_wconf 86' lang='lat' dir='ltr'><strong>levis</strong></span> <span class='ocrx_word' id='word_1_292' title='bbox 1265 3245 1420 3310; x_wconf 88' lang='lat' dir='ltr'><strong>haec</strong></span> <span class='ocrx_word' id='word_1_293' title='bbox 1462 3244 1772 3311; x_wconf 85' lang='lat' dir='ltr'><strong>sententia</strong></span> <span class='ocrx_word' id='word_1_294' title='bbox 1809 3245 1905 3311; x_wconf 85' lang='lat' dir='ltr'><strong>vel</strong></span> <span class='ocrx_word' id='word_1_295' title='bbox 1946 3265 2026 3310; x_wconf 89' lang='lat' dir='ltr'><strong>ex</strong></span> <span class='ocrx_word' id='word_1_296' title='bbox 2066 3266 2145 3310; x_wconf 92' lang='lat' dir='ltr'><strong>eo</strong></span> <span class='ocrx_word' id='word_1_297' title='bbox 2185 3244 2442 3330; x_wconf 85' lang='lat' dir='ltr'><strong>intelligi</strong></span> <span class='ocrx_word' id='word_1_298' title='bbox 2469 3249 2702 3328; x_wconf 86' lang='lat' dir='ltr'><strong>potest,</strong></span> 
     </span>
     <span class='ocr_line' id='line_1_33' title="bbox 364 3333 2702 3424; baseline 0.003 -28"><span class='ocrx_word' id='word_1_299' title='bbox 364 3333 535 3417; x_wconf 90' lang='lat' dir='ltr'><strong>quod</strong></span> <span class='ocrx_word' id='word_1_300' title='bbox 575 3335 973 3422; x_wconf 89' lang='lat' dir='ltr'><strong>theogoniam</strong></span> <span class='ocrx_word' id='word_1_301' title='bbox 1015 3339 1182 3404; x_wconf 88' lang='lat' dir='ltr'><strong>illam</strong></span> <span class='ocrx_word' id='word_1_302' title='bbox 1223 3346 1289 3404; x_wconf 86' lang='lat' dir='ltr'><strong>et</strong></span> <span class='ocrx_word' id='word_1_303' title='bbox 1327 3339 1589 3405; x_wconf 91' lang='lat' dir='ltr'><strong>deorum</strong></span> <span class='ocrx_word' id='word_1_304' title='bbox 1630 3339 1693 3404; x_wconf 93' lang='lat' dir='ltr'><strong>in</strong></span> <span class='ocrx_word' id='word_1_305' title='bbox 1734 3339 2052 3424; x_wconf 89' lang='lat' dir='ltr'><strong>regnando</strong></span> <span class='ocrx_word' id='word_1_306' title='bbox 2094 3340 2310 3406; x_wconf 89' lang='lat' dir='ltr'><strong>mundi</strong></span> <span class='ocrx_word' id='word_1_307' title='bbox 2352 3341 2702 3407; x_wconf 88' lang='lat' dir='ltr'><strong>successio-</strong></span> 
     </span>
     <span class='ocr_line' id='line_1_34' title="bbox 361 3430 2703 3520; baseline 0.004 -29"><span class='ocrx_word' id='word_1_308' title='bbox 361 3448 507 3493; x_wconf 90' lang='lat' dir='ltr'><strong>nem</strong></span> <span class='ocrx_word' id='word_1_309' title='bbox 557 3451 683 3496; x_wconf 91' lang='lat' dir='ltr'><strong>non</strong></span> <span class='ocrx_word' id='word_1_310' title='bbox 734 3430 938 3499; x_wconf 83' lang='lat' dir='ltr'><strong>solu&#39;m</strong></span> <span class='ocrx_word' id='word_1_311' title='bbox 989 3453 1313 3520; x_wconf 88' lang='lat' dir='ltr'><strong>nunquam</strong></span> <span class='ocrx_word' id='word_1_312' title='bbox 1360 3433 1703 3520; x_wconf 84' lang='lat' dir='ltr'><strong>Aeschylus</strong></span> <span class='ocrx_word' id='word_1_313' title='bbox 1753 3433 1983 3501; x_wconf 83' lang='lat' dir='ltr'><strong>refutat</strong></span> <span class='ocrx_word' id='word_1_314' title='bbox 2034 3434 2145 3500; x_wconf 91' lang='lat' dir='ltr'><strong>sed</strong></span> <span class='ocrx_word' id='word_1_315' title='bbox 2197 3433 2445 3501; x_wconf 86' lang='lat' dir='ltr'><strong>disertis</strong></span> <span class='ocrx_word' id='word_1_316' title='bbox 2496 3434 2703 3503; x_wconf 81' lang='lat' dir='ltr'><strong>verbis</strong></span> 
     </span>
     <span class='ocr_line' id='line_1_35' title="bbox 362 3524 2703 3622; baseline 0.001 -32"><span class='ocrx_word' id='word_1_317' title='bbox 362 3524 549 3591; x_wconf 91' lang='lat' dir='ltr'><strong>etiam</strong></span> <span class='ocrx_word' id='word_1_318' title='bbox 602 3527 751 3594; x_wconf 89' lang='lat' dir='ltr'><strong>alibi</strong></span> <span class='ocrx_word' id='word_1_319' title='bbox 802 3528 1134 3615; x_wconf 86' lang='lat' dir='ltr'><strong>profitetur</strong></span> <span class='ocrx_word' id='word_1_320' title='bbox 1183 3528 1417 3613; x_wconf 84' lang='lat' dir='ltr'><strong>(Agam.</strong></span> <span class='ocrx_word' id='word_1_321' title='bbox 1464 3534 1578 3595; x_wconf 88' lang='lat'><strong>168</strong></span> <span class='ocrx_word' id='word_1_322' title='bbox 1621 3530 1752 3615; x_wconf 88' lang='lat' dir='ltr'><strong>sq.).</strong></span> <span class='ocrx_word' id='word_1_323' title='bbox 1836 3529 2119 3596; x_wconf 88' lang='lat' dir='ltr'><strong>Sufficiat</strong></span> <span class='ocrx_word' id='word_1_324' title='bbox 2166 3529 2443 3622; x_wconf 85' lang='lat' dir='ltr'><strong>interim,</strong></span> <span class='ocrx_word' id='word_1_325' title='bbox 2494 3529 2703 3594; x_wconf 89' lang='lat' dir='ltr'><strong>minus</strong></span> 
     </span>
     <span class='ocr_line' id='line_1_36' title="bbox 361 3621 2704 3714; baseline 0.001 -29"><span class='ocrx_word' id='word_1_326' title='bbox 361 3621 648 3690; x_wconf 90' lang='lat' dir='ltr'><strong>idoneam</strong></span> <span class='ocrx_word' id='word_1_327' title='bbox 709 3645 849 3690; x_wconf 90' lang='lat' dir='ltr'><strong>esse</strong></span> <span class='ocrx_word' id='word_1_328' title='bbox 908 3624 1151 3691; x_wconf 87' lang='lat' dir='ltr'><strong>fabulae</strong></span> <span class='ocrx_word' id='word_1_329' title='bbox 1214 3623 1789 3714; x_wconf 76' lang='lat' dir='ltr'><strong>interpretationem</strong></span> <span class='ocrx_word' id='word_1_330' title='bbox 1851 3623 2249 3710; x_wconf 85' lang='lat' dir='ltr'><strong>symbolicam</strong></span> <span class='ocrx_word' id='word_1_331' title='bbox 2309 3642 2388 3688; x_wconf 91' lang='lat' dir='ltr'><strong>eo</strong></span> <span class='ocrx_word' id='word_1_332' title='bbox 2436 3621 2704 3688; x_wconf 92' lang='lat' dir='ltr'><strong>demon-</strong></span> 
     </span>
     <span class='ocr_line' id='line_1_37' title="bbox 363 3717 2704 3807; baseline 0.002 -29"><span class='ocrx_word' id='word_1_333' title='bbox 363 3723 595 3785; x_wconf 86' lang='lat' dir='ltr'><strong>strasse</strong></span> <span class='ocrx_word' id='word_1_334' title='bbox 645 3720 818 3807; x_wconf 92' lang='lat' dir='ltr'><strong>quod</strong></span> <span class='ocrx_word' id='word_1_335' title='bbox 858 3721 1038 3786; x_wconf 91' lang='lat' dir='ltr'><strong>aliam</strong></span> <span class='ocrx_word' id='word_1_336' title='bbox 1092 3720 1349 3804; x_wconf 89' lang='lat' dir='ltr'><strong>insuper</strong></span> <span class='ocrx_word' id='word_1_337' title='bbox 1387 3719 1726 3797; x_wconf 88' lang='lat' dir='ltr'><strong>desideret,</strong></span> <span class='ocrx_word' id='word_1_338' title='bbox 1775 3726 1848 3786; x_wconf 86' lang='lat' dir='ltr'><strong>ut</strong></span> <span class='ocrx_word' id='word_1_339' title='bbox 1887 3718 2069 3805; x_wconf 91' lang='lat' dir='ltr'><strong>plane</strong></span> <span class='ocrx_word' id='word_1_340' title='bbox 2098 3718 2497 3805; x_wconf 86' lang='lat' dir='ltr'><strong>intelligatur,</strong></span> <span class='ocrx_word' id='word_1_341' title='bbox 2536 3717 2704 3783; x_wconf 89' lang='lat' dir='ltr'><strong>illam</strong></span> 
     </span>
     <span class='ocr_line' id='line_1_38' title="bbox 360 3814 2187 3901; baseline 0.004 -27"><span class='ocrx_word' id='word_1_342' title='bbox 360 3830 478 3894; x_wconf 92' lang='lat' dir='ltr'><strong>per</strong></span> <span class='ocrx_word' id='word_1_343' title='bbox 519 3835 586 3879; x_wconf 91' lang='lat' dir='ltr'><strong>se</strong></span> <span class='ocrx_word' id='word_1_344' title='bbox 624 3816 977 3901; x_wconf 86' lang='lat' dir='ltr'><strong>tragoediae</strong></span> <span class='ocrx_word' id='word_1_345' title='bbox 1018 3816 1075 3884; x_wconf 90' lang='lat' dir='ltr'><strong>vi</strong></span> <span class='ocrx_word' id='word_1_346' title='bbox 1116 3822 1179 3882; x_wconf 87' lang='lat' dir='ltr'><strong>et</strong></span> <span class='ocrx_word' id='word_1_347' title='bbox 1219 3814 1429 3880; x_wconf 87' lang='lat' dir='ltr'><strong>sensui</strong></span> <span class='ocrx_word' id='word_1_348' title='bbox 1470 3836 1598 3880; x_wconf 86' lang='lat' dir='ltr'><strong>non</strong></span> <span class='ocrx_word' id='word_1_349' title='bbox 1641 3814 2014 3882; x_wconf 85' lang='lat' dir='ltr'><strong>satisfacere.</strong></span> <span class='ocrx_word' id='word_1_350' title='bbox 2184 3814 2187 3820; x_wconf 75' lang='grc'>’</span> 
     </span>
    </p>

    <p class='ocr_par' dir='ltr' id='par_1_8' title="bbox 342 3908 2706 4283">
     <span class='ocr_line' id='line_1_39' title="bbox 522 3908 2703 3998; baseline 0 -26"><span class='ocrx_word' id='word_1_351' title='bbox 522 3908 798 3976; x_wconf 70' lang='lat' dir='ltr'><strong>Proximi</strong></span> <span class='ocrx_word' id='word_1_352' title='bbox 837 3911 983 3976; x_wconf 89' lang='lat' dir='ltr'><strong>inde</strong></span> <span class='ocrx_word' id='word_1_353' title='bbox 1027 3919 1174 3977; x_wconf 89' lang='lat' dir='ltr'><strong>sunt</strong></span> <span class='ocrx_word' id='word_1_354' title='bbox 1211 3911 1270 3975; x_wconf 92' lang='lat' dir='ltr'><strong>ei</strong></span> <span class='ocrx_word' id='word_1_355' title='bbox 1312 3909 1685 3991; x_wconf 89' lang='lat' dir='ltr'><strong>interpretes</strong></span> <span class='ocrx_word' id='word_1_356' title='bbox 1726 3911 1836 3998; x_wconf 93' lang='lat' dir='ltr'><strong>qui</strong></span> <span class='ocrx_word' id='word_1_357' title='bbox 1878 3917 2192 3975; x_wconf 88' lang='lat' dir='ltr'><strong>contemta</strong></span> <span class='ocrx_word' id='word_1_358' title='bbox 2225 3908 2562 3996; x_wconf 82' lang='lat' dir='ltr'><strong>symbolica</strong></span> <span class='ocrx_word' id='word_1_359' title='bbox 2596 3928 2703 3974; x_wconf 89' lang='lat' dir='ltr'><strong>ra-</strong></span> 
     </span>
     <span class='ocr_line' id='line_1_40' title="bbox 367 4002 2703 4091; baseline 0 -24"><span class='ocrx_word' id='word_1_360' title='bbox 367 4002 539 4067; x_wconf 90' lang='lat' dir='ltr'><strong>tione</strong></span> <span class='ocrx_word' id='word_1_361' title='bbox 591 4022 786 4070; x_wconf 91' lang='lat' dir='ltr'><strong>unum</strong></span> <span class='ocrx_word' id='word_1_362' title='bbox 834 4026 1105 4091; x_wconf 90' lang='lat' dir='ltr'><strong>eumque</strong></span> <span class='ocrx_word' id='word_1_363' title='bbox 1161 4005 1309 4070; x_wconf 87' lang='lat' dir='ltr'><strong>satis</strong></span> <span class='ocrx_word' id='word_1_364' title='bbox 1361 4012 1646 4091; x_wconf 90' lang='lat' dir='ltr'><strong>apertum</strong></span> <span class='ocrx_word' id='word_1_365' title='bbox 1688 4004 2044 4091; x_wconf 86' lang='lat' dir='ltr'><strong>tragoediae</strong></span> <span class='ocrx_word' id='word_1_366' title='bbox 2087 4024 2341 4071; x_wconf 87' lang='lat' dir='ltr'><strong>sensum</strong></span> <span class='ocrx_word' id='word_1_367' title='bbox 2382 4025 2522 4070; x_wconf 89' lang='lat' dir='ltr'><strong>esse</strong></span> <span class='ocrx_word' id='word_1_368' title='bbox 2564 4003 2703 4069; x_wconf 88' lang='lat' dir='ltr'><strong>exi-</strong></span> 
     </span>
     <span class='ocr_line' id='line_1_41' title="bbox 342 4096 2706 4187; baseline 0.001 -25"><span class='ocrx_word' id='word_1_369' title='bbox 342 4096 639 4164; x_wconf 76' lang='lat' dir='ltr'><strong>stimant.</strong></span> <span class='ocrx_word' id='word_1_370' title='bbox 731 4098 858 4165; x_wconf 89' lang='lat' dir='ltr'><strong>Sed</strong></span> <span class='ocrx_word' id='word_1_371' title='bbox 908 4099 1202 4166; x_wconf 87' lang='lat' dir='ltr'><strong>falluntur</strong></span> <span class='ocrx_word' id='word_1_372' title='bbox 1247 4100 1312 4166; x_wconf 93' lang='lat' dir='ltr'><strong>hi</strong></span> <span class='ocrx_word' id='word_1_373' title='bbox 1363 4121 1619 4187; x_wconf 90' lang='lat' dir='ltr'><strong>quoque</strong></span> <span class='ocrx_word' id='word_1_374' title='bbox 1671 4121 1866 4187; x_wconf 91' lang='lat' dir='ltr'><strong>quum</strong></span> <span class='ocrx_word' id='word_1_375' title='bbox 1928 4100 2268 4187; x_wconf 88' lang='lat' dir='ltr'><strong>generatim</strong></span> <span class='ocrx_word' id='word_1_376' title='bbox 2325 4100 2597 4187; x_wconf 90' lang='lat' dir='ltr'><strong>primum</strong></span> <span class='ocrx_word' id='word_1_377' title='bbox 2640 4106 2706 4165; x_wconf 89' lang='lat' dir='ltr'><strong>et</strong></span> 
     </span>
     <span class='ocr_line' id='line_1_42' title="bbox 366 4192 2704 4283; baseline 0.001 -26"><span class='ocrx_word' id='word_1_378' title='bbox 366 4192 651 4259; x_wconf 89' lang='lat' dir='ltr'><strong>universe</strong></span> <span class='ocrx_word' id='word_1_379' title='bbox 693 4200 934 4259; x_wconf 89' lang='lat' dir='ltr'><strong>tantum</strong></span> <span class='ocrx_word' id='word_1_380' title='bbox 977 4195 1053 4259; x_wconf 89' lang='lat' dir='ltr'><strong>de</strong></span> <span class='ocrx_word' id='word_1_381' title='bbox 1095 4216 1283 4264; x_wconf 91' lang='lat' dir='ltr'><strong>sensu</strong></span> <span class='ocrx_word' id='word_1_382' title='bbox 1324 4196 1445 4262; x_wconf 93' lang='lat' dir='ltr'><strong>isto</strong></span> <span class='ocrx_word' id='word_1_383' title='bbox 1485 4195 1852 4283; x_wconf 87' lang='lat' dir='ltr'><strong>loquantur,</strong></span> <span class='ocrx_word' id='word_1_384' title='bbox 1891 4195 1976 4263; x_wconf 88' lang='lat' dir='ltr'><strong>ita</strong></span> <span class='ocrx_word' id='word_1_385' title='bbox 2016 4205 2087 4264; x_wconf 91' lang='lat' dir='ltr'><strong>ut</strong></span> <span class='ocrx_word' id='word_1_386' title='bbox 2127 4195 2228 4262; x_wconf 90' lang='lat' dir='ltr'><strong>hic</strong></span> <span class='ocrx_word' id='word_1_387' title='bbox 2268 4196 2475 4263; x_wconf 91' lang='lat' dir='ltr'><strong>minus</strong></span> <span class='ocrx_word' id='word_1_388' title='bbox 2517 4193 2704 4261; x_wconf 86' lang='lat' dir='ltr'><strong>etiam</strong></span> 
     </span>
    </p>
   </div>
   <div class='ocr_carea' id='block_1_5' title="bbox 372 4334 790 4349">
    <p class='ocr_par' dir='ltr' id='par_1_9' title="bbox 372 4334 790 4349">
     <span class='ocr_line' id='line_1_43' title="bbox 372 4334 790 4349; baseline 0 520"><span class='ocrx_word' id='word_1_389' title='bbox 372 4334 790 4349; x_wconf 95' lang='lat' dir='ltr'><strong> </strong></span> 
     </span>
    </p>
   </div>
   <div class='ocr_carea' id='block_1_6' title="bbox 373 4421 2706 4563">
    <p class='ocr_par' dir='ltr' id='par_1_10' title="bbox 373 4421 2706 4563">
     <span class='ocr_line' id='line_1_44' title="bbox 513 4421 2706 4485; baseline 0.001 -6"><span class='ocrx_word' id='word_1_390' title='bbox 513 4421 569 4479; x_wconf 79' lang='lat'><strong>⁰)</strong></span> <span class='ocrx_word' id='word_1_391' title='bbox 607 4431 840 4479; x_wconf 64' lang='lat' dir='ltr'><strong>wolon.</strong></span> <span class='ocrx_word' id='word_1_392' title='bbox 879 4441 962 4485; x_wconf 67' lang='lat' dir='ltr'><strong>ug.</strong></span> <span class='ocrx_word' id='word_1_393' title='bbox 982 4425 1105 4476; x_wconf 78' lang='lat'>111.</span> <span class='ocrx_word' id='word_1_394' title='bbox 1143 4434 1189 4473; x_wconf 74' lang='grc' dir='ltr'><strong>οι</strong></span> <span class='ocrx_word' id='word_1_395' title='bbox 1220 4426 1336 4477; x_wconf 75' lang='grc'><strong>114.</strong></span> <span class='ocrx_word' id='word_1_396' title='bbox 1407 4434 1454 4477; x_wconf 78' lang='lat' dir='ltr'><strong>J.</strong></span> <span class='ocrx_word' id='word_1_397' title='bbox 1480 4434 1694 4480; x_wconf 74' lang='lat' dir='ltr'><strong>maen.</strong></span> <span class='ocrx_word' id='word_1_398' title='bbox 1732 4434 1797 4479; x_wconf 74' lang='lat' dir='ltr'><strong>aa</strong></span> <span class='ocrx_word' id='word_1_399' title='bbox 1820 4434 1983 4481; x_wconf 70' lang='lat' dir='ltr'><strong>prom.</strong></span> <span class='ocrx_word' id='word_1_400' title='bbox 2026 4434 2194 4485; x_wconf 60' lang='lat' dir='ltr'><strong>was.</strong></span> <span class='ocrx_word' id='word_1_401' title='bbox 2231 4436 2305 4481; x_wconf 74' lang='lat' dir='ltr'><strong>ea.</strong></span> <span class='ocrx_word' id='word_1_402' title='bbox 2334 4435 2523 4481; x_wconf 73' lang='lat' dir='ltr'><strong>entier.</strong></span> <span class='ocrx_word' id='word_1_403' title='bbox 2596 4432 2706 4481; x_wconf 73' lang='lat' dir='ltr'><strong>nuo</strong></span> 
     </span>
     <span class='ocr_line' id='line_1_45' title="bbox 373 4495 2554 4563; baseline 0.007 -25"><span class='ocrx_word' id='word_1_404' title='bbox 373 4495 502 4540; x_wconf 77' lang='lat' dir='ltr'><strong>tram</strong></span> <span class='ocrx_word' id='word_1_405' title='bbox 538 4504 746 4552; x_wconf 72' lang='lat' dir='ltr'><strong>possunt</strong></span> <span class='ocrx_word' id='word_1_406' title='bbox 782 4511 968 4549; x_wconf 78' lang='lat' dir='ltr'><strong>versus</strong></span> <span class='ocrx_word' id='word_1_407' title='bbox 1000 4498 1172 4548; x_wconf 80' lang='lat' dir='ltr'><strong>nescio</strong></span> <span class='ocrx_word' id='word_1_408' title='bbox 1209 4501 1354 4554; x_wconf 72' lang='lat' dir='ltr'><strong>culus</strong></span> <span class='ocrx_word' id='word_1_409' title='bbox 1390 4501 1650 4553; x_wconf 64' lang='lat' dir='ltr'><strong>chri-timi</strong></span> <span class='ocrx_word' id='word_1_410' title='bbox 1684 4502 1897 4551; x_wconf 70' lang='lat' dir='ltr'><strong>hominis</strong></span> <span class='ocrx_word' id='word_1_411' title='bbox 1934 4505 2068 4562; x_wconf 71' lang='lat' dir='ltr'><strong>apud</strong></span> <span class='ocrx_word' id='word_1_412' title='bbox 2103 4507 2330 4563; x_wconf 68' lang='lat' dir='ltr'><strong>Haupt.</strong></span> <span class='ocrx_word' id='word_1_413' title='bbox 2370 4514 2447 4562; x_wconf 72' lang='lat' dir='ltr'><strong>cp.</strong></span> <span class='ocrx_word' id='word_1_414' title='bbox 2466 4503 2554 4553; x_wconf 77' lang='lat' dir='ltr'><strong>XI·</strong></span> 
     </span>
    </p>
   </div>
  </div>
 </body>
</html>
