2978 4869
1296 209 1728 277 -50-

349 378 573 465 ἀάπτῳ
636 388 1003 466 argumento
1070 382 1473 446 Hermanni
1538 381 1907 447 sententiam
1974 382 2192 448 vicisse
2262 383 2681 450 recordemur.

348 481 516 546 Neve
558 498 741 562 aegre
785 477 966 555 feraS,
1010 478 1180 563 quod
1220 477 1457 543 tamdiu
1500 477 1561 542 in
1603 477 1946 544 refutandis
1988 479 2371 563 argumentis
2399 479 2476 544 ab
2503 486 2698 557 utras

349 596 472 660 que
502 581 676 660 parte
706 573 961 660 prolatis
989 572 1210 640 versati
1233 574 1446 639 simus
1507 574 1623 639 Est
1664 575 1828 639 enim
1870 581 2000 639 tota
2040 594 2142 639 res
2185 575 2270 639 ita
2307 582 2682 661 comparata,

348 678 437 748 ut,
473 690 607 757 *quo
651 669 940 735 subtilius
981 668 1127 734 eam‘
1149 689 1513 756 exsequere,
1554 688 1631 735 eo
1660 671 1990 749 difficilius,
2031 670 2182 756 quid
2222 671 2682 737 decernendum

353 765 451 844 sit,
492 765 718 832 videas.
802 764 1087 851 Denique
1139 766 1189 830 si
1246 767 1396 852 quid
1448 773 1546 832 est
1595 766 1657 829 in
1683 787 1773 831 xre
1815 767 1970 845 veri,
2022 766 2243 832 melius
2286 786 2426 831 cum
2470 788 2542 831 ea
2581 766 2682 851 agi

349 862 567 947 nequit
595 880 782 946 quam
815 861 865 924 si
897 861 1063 926 falsis
1097 862 1384 927 omnibus
1425 870 1491 927 et
1529 861 1838 927 debilibus
1867 863 2266 947 argumentiS,
2308 862 2538 948 quibus
2565 882 2681 926 an—

347 965 449 1022 tea
490 956 891 1034 fulciebatur,
946 957 1239 1022 detractis
1281 965 1345 1023 et
1385 958 1685 1043 explosiS,
1738 958 1800 1022 in
1852 958 2121 1024 medium
2147 964 2390 1047 ‘eontra
2426 957 2684 1043 prolatis

347 1073 507 1138 quae
550 1052 606 1116 ei
648 1051 1067 1131 adversantur,
1110 1054 1509 1139 argumentis,
1550 1054 1627 1118 ad
1669 1053 1863 1118 solam
1894 1074 2070 1119 suam
2102 1074 2434 1140 veramque
2460 1061 2684 1118 aucto-

345 1148 589 1213 ritatem
647 1148 981 1233 redigatur.
1083 1148 1197 1212 Est
1253 1150 1419 1214 enim
1481 1148 1703 1227 satiuS,
1785 1148 1996 1214 minus
2051 1156 2283 1213 certam
2343 1169 2477 1214 eam
2542 1168 2683 1213 esse

346 1249 519 1307 certo
563 1243 935 1328 intelligere,
985 1264 1172 1330 quam
1213 1251 1285 1309 ut
1326 1252 1493 1309 certa
1535 1244 1817 1311 videatur
1857 1244 2232 1309 incertorum
2274 1250 2683 1327 argumento-

344 1360 484 1405 rum
526 1339 763 1404 artibus
804 1339 1066 1404 efficere.
1147 1340 1299 1403 Erat
1338 1339 1492 1403 haec
1533 1347 1713 1405 antea
1753 1339 1940 1426 huJus
1980 1340 2073 1404 rei
2115 1338 2419 1414 conditio;
2468 1346 2541 1404 ut
2581 1338 2684 1403 illa

346 1436 426 1499 sit
465 1435 745 1515 posthac,
786 1434 1185 1501 vehementer
1224 1442 1531 1520 optamus
1572 1470 1653 1483 --

503 1532 738 1595 Verum
793 1531 1105 1597 enimvero
1154 1531 1405 1611 probari
1465 1552 1593 1595 non
1655 1537 1864 1615 potest
1911 1529 2314 1594 Hermanni
2376 1528 2687 1594 sententia

344 1626 464 1690 nisi
494 1646 636 1690 eum
670 1646 898 1711 magno
927 1624 1212 1710 Aeschyli
1246 1626 1489 1688 damno.
1554 1624 1750 1689 Cedat
1767 1631 1972 1688 tamen
1991 1623 2191 1709 pietas
2215 1623 2318 1687 illa
2340 1643 2486 1706 erga
2503 1630 2684 1688 vete-

346 1741 447 1784 res
497 1721 829 1804 scriptores
891 1721 954 1783 in
1016 1739 1140 1804 qua
1199 1719 1569 1803 praestanda
1611 1719 2093 1803 Lessingium
2140 1738 2387 1802 semper
2428 1717 2685 1781 imitan-

344 1815 491 1881 dum
533 1814 685 1878 mihi
726 1814 1025 1901 proposui
1058 1850 1139 1861 —-
1169 1814 1347 1879 locus
1377 1815 1530 1880 mihi
1563 1815 1625 1879 in
1654 1814 1956 1879 memoria
1983 1822 2080 1878 est
2108 1814 2169 1877 in
2204 1812 2368 1898 opp.
2390 1814 2524 1877 vll.
2547 1816 2679 1879 170.

341 1947 418 1959 --
463 1910 641 1976 cedat
697 1911 797 1976 illa
848 1909 1088 1977 veritati
1133 1931 1393 1977 necesse
1430 1917 1546 1975 est.
1628 1911 1850 1975 Libere
1891 1909 2082 1994 igitur
2119 1910 2450 1985 fateamur,
2505 1908 2555 1972 si
2596 1907 2679 1971 ita

342 2028 474 2071 rem
528 2006 869 2093 Aeschylus
916 2005 1282 2080 instituerit,
1331 2014 1404 2069 ut
1451 2028 1619 2070 nunc
1672 2027 1814 2071 cum
1865 2007 2285 2070 Hermanno
2339 2003 2681 2069 instituisse

342 2102 524 2166 nobis
569 2109 664 2165 est
703 2102 892 2180 visus,
935 2101 1142 2166 minus
1184 2101 1344 2164 bene
1388 2099 1449 2163 id
1495 2121 1641 2164 eum
1671 2099 1911 2165 fecisse.
1975 2100 2278 2166 Convenit
2319 2099 2485 2164 enim
2528 2100 2683 2164 deae

343 2197 513 2282 quod
566 2198 817 2281 paribus
881 2195 1186 2279 suffragiis
1239 2195 1301 2258 in
1354 2216 1662 2280 suspenso
1712 2196 1995 2261 relictum
2050 2202 2183 2259 erat
2232 2195 2557 2272 iudicium,
2619 2195 2685 2259 in

343 2293 588 2360 Orestis
630 2292 897 2359 favorem
941 2290 1260 2356 dirimere:
1305 2291 1608 2357 calculum
1639 2314 1754 2378 pro
1785 2313 1864 2356 eo
1903 2291 2169 2377 adjicere
2211 2292 2339 2375 quo
2379 2311 2495 2375 par
2532 2289 2684 2355 red-

248 2465 255 2472 ,
339 2389 597 2455 deretur
625 2388 921 2475 utrinque
952 2386 1329 2454 calculorum
1369 2409 1695 2468 numeruS,
1742 2410 1867 2454 non
1912 2387 2101 2453 licuit.
2170 2387 2321 2451 Plus
2340 2385 2466 2464 hic,
2496 2406 2683 2473 quam

343 2486 579 2562 debuit,
619 2486 811 2571 partis
853 2484 1108 2550 alterius
1152 2484 1358 2549 studio
1402 2485 1675 2563 indulsit,
1715 2506 1844 2550 non
1864 2483 2043 2549 deam
2073 2482 2506 2547 tantummodo
2545 2503 2682 2547 eam

344 2602 413 2645 se
454 2581 788 2664 praestitit,
838 2602 998 2666 quae
1040 2580 1414 2645 matrimonii
1456 2582 1793 2665 lequmque
1834 2599 1976 2645 vere
2019 2578 2426 2643 humanarum
2472 2597 2682 2643 curam

314 2703 315 2706 ¹
343 2674 707 2760 susciperet,
737 2675 847 2739 sed
879 2675 956 2739 de
986 2696 1102 2739 suo
1125 2673 1400 2750 arbitrio,
1432 2694 1672 2759 suaque
1695 2673 2059 2739 auctoritate
2080 2673 2370 2740 Orestem
2392 2674 2547 2738 tuita
2569 2679 2682 2738 est.

343 2771 416 2836 Id
456 2778 743 2835 nos’non
783 2777 1017 2835 temere
1058 2769 1240 2835 nobis
1283 2789 1565 2847 sumere,
1616 2777 1764 2837 sunt
1805 2769 1941 2850 ipsa
1981 2769 2296 2835 Minervae
2337 2770 2521 2837 verba
2559 2768 2685 2833 do-

344 2873 662 2944 cumento,
706 2887 866 2952 quae
910 2867 1031 2931 iam
1075 2885 1263 2952 supra
1302 2866 1712 2951 respeximus.
1774 2865 1936 2930 Srunt
1976 2863 2129 2929 haec
2170 2862 2270 2927 illa
2309 2864 2495 2929 verba
2539 2864 2686 2950 qui-

341 2963 463 3026 bus
492 2982 619 3024 non
647 2982 889 3025 summa
918 2961 1036 3025 sihi
1065 2961 1218 3037 iura,
1248 2962 1575 3027 Furiarum
1604 2960 1843 3027 iuribus
1871 2980 2084 3026 revera
2114 2957 2433 3038 superiora
2453 2959 2688 3024 tuenda

343 3056 690 3143 profitetur,
715 3055 824 3120 sed
863 3089 945 3105 ·--
986 3076 1113 3141 quo
1147 3076 1297 3120 sane
1319 3056 1515 3122 levius
1545 3057 1696 3122 nihil
1725 3055 1979 3140 cogitari
2013 3061 2223 3136 potest
2245 3090 2326 3100 -
2346 3053 2575 3139 quibus
2609 3055 2686 3118 ad

345 3158 663 3218 externam
686 3155 862 3217 suam
883 3158 1166 3217 naturam
1193 3159 1256 3216 et
1282 3151 1556 3217 indolem
1580 3159 1877 3235 provocat
1898 3151 1989 3235 (V.
2009 3156 2129 3217 736
2150 3150 2282 3236 sq.).
2340 3151 2511 3216 Haec
2539 3171 2687 3216 sane

348 3249 403 3312 si
447 3249 578 3311 sola
617 3247 955 3324 habuisset,
999 3268 1113 3313 cur
1139 3247 1350 3313 Oresti
1381 3249 1644 3314 salutem
1673 3255 1934 3333 pararet,
1975 3253 2191 3311 eontra
2230 3246 2321 3310 fas
2363 3246 2530 3311 hunc
2568 3266 2687 3332 pe-

349 3342 618 3408 riculum
679 3342 969 3426 effugisse
1031 3343 1397 3409 diceremus.
1487 3347 1574 3408 Et
1622 3343 1675 3406 si
1734 3343 1957 3408 verba
2018 3347 2260 3406 tantum
2317 3345 2689 3426 spectamuS‚

351 3457 602 3504 causam
659 3435 838 3501 aliam
891 3458 1017 3502 non
1072 3438 1441 3504 invenimus.
1533 3436 1949 3505 Nihilominus
2000 3436 2160 3502 iuste
2213 3436 2390 3501 deam
2444 3437 2690 3521 egisse

351 3534 583 3619 largius
625 3553 811 3617 supra
853 3532 1275 3619 exposuimus,
1299 3527 1396 3580 '-—-
1450 3580 1455 3588 -
1780 3533 1788 3540 ”

512 3629 892 3714 Tragoediae
945 3628 1365 3694 Eumenidum
1417 3652 1542 3694 non
1593 3628 1887 3693 dissimile
1940 3632 2372 3711 argumentum
2426 3625 2489 3688 in
2537 3625 2691 3689 Da-

354 3724 703 3790 naidibus
730 3732 982 3806 poetam
1010 3732 1308 3790 tractasse
1339 3733 1434 3790 est
1460 3723 1861 3811 Droysenii
1890 3723 2264 3810 conjectura.
2332 3722 2480 3801 Quo
2507 3726 2691 3806 pacto

352 3819 550 3883 Juno
601 3820 684 3885 ibi
736 3828 801 3885 et
842 3821 1094 3886 Venus
1144 3820 1386 3906 possint
1436 3841 1576 3887 cum
1627 3821 1836 3908 specie·
1884 3820 2088 3906 aliqua
2129 3817 2401 3885 veritatis
2440 3825 2691 3901 tragoe-

358 3912 498 3978 diae
539 3913 778 3996 legibus
821 3917 1192 3982 constrictae
1232 3917 1445 3982 haberi
1491 3953 1572 3965 —
1613 3919 1663 3982 si
1706 3916 1861 3982 tanti
1901 3924 2002 3981 est
2039 3951 2121 3964 --
2170 3935 2245 3978 ex
2287 3912 2689 3999 Droysenii

359 4006 750 4096 expositione
802 4017 927 4096 (pg.
968 4018 1087 4079 329
1130 4015 1242 4099 sq.)
1296 4013 1646 4078 concludas.
1735 4014 1867 4080 Nos
1917 4032 1997 4076 ne
2048 4008 2445 4096 Droysenii
2481 4007 2689 4091 ‘magis

358 4125 547 4192 quam
589 4103 876 4190 Aeschyli
927 4117 1201 4174 mentem
1251 4107 1558 4195 explicare
1605 4105 1925 4175 videamur
1974 4106 2053 4171 ad
2093 4104 2524 4171 Promethei
2570 4122 2690 4188 po-

357 4201 484 4267 tius
523 4200 831 4286 trilogiam
871 4223 987 4267 nos
1029 4205 1463 4273 convertimus.

516 4299 598 4363 Ut
644 4319 791 4364 vero
843 4297 1252 4381 intelligamus
1303 4322 1465 4387 quae
1509 4300 1590 4364 sit
1630 4300 1692 4364 in
1734 4319 1807 4363 ea
1850 4298 2109 4363 deorum
2153 4296 2426 4362 conditio
2468 4293 2690 4358 certis-

360 4392 579 4457 simam
620 4413 787 4458 nunc
831 4414 1087 4479 quoque
1130 4415 1265 4458 eam
1304 4396 1606 4461 habemus
1647 4395 1834 4471 viam,
1881 4401 1953 4459 ut
2001 4415 2076 4459 ex
2126 4391 2371 4460 variatis
2421 4391 2690 4459 virorum

361 4487 686 4553 doctorum
739 4488 1061 4555 sententiis
1115 4495 1347 4553 rectam
1398 4490 1577 4574 quasi
1629 4510 1740 4575 per
1780 4510 1846 4554 se
1889 4490 2060 4555 nasci
2097 4488 2435 4556 videamus.
2515 4488 2691 4553 Jam-
