2978 4869
1130 184 1187 211 *r

1210 221 1610 282 ...2-

237 403 444 469 neque
488 383 531 448 ii
574 380 908 465 evitarunt,
962 386 1069 473 qui
1112 388 1341 473 passim
1385 390 1463 455 de
1504 411 1576 456 ea
1618 393 1803 458 verba
1853 392 2137 461 fecerunt
2160 395 2221 481 ⁴¹),
2263 418 2471 483 neque
2512 400 2585 476 is,

240 500 448 565 quem,
492 501 685 567 quum
727 482 982 548 unicum
1028 483 1319 550 haberem
1364 487 1670 573 propositi
1712 489 1837 554 mei
1879 499 2227 572 auctorem,
2271 492 2442 560 dolui
2486 504 2585 560 me

238 575 352 640 hac
395 577 459 641 in
503 582 569 642 re
612 579 761 644 mihi
803 579 1024 645 ducem
1068 601 1385 647 assumere
1427 603 1555 647 non
1597 586 1896 664 potuisse.
1920 588 1987 672 ”)

386 672 523 739 Sed
577 696 738 761 quae
790 676 1041 741 tandem
1097 685 1193 743 est
1251 679 1465 744 salutis
1520 679 1645 759 via,
1708 703 1831 767 qua
1882 691 1947 749 et
1996 685 2258 772 Scyllam
2321 686 2464 751 licet
2524 694 2589 752 et

201 834 205 843 ,
239 765 610 856 Charybdim
653 772 888 840 vitare?
968 773 1214 839 Patebit
1253 775 1536 857 profecto
1580 777 1748 843 nulla
1790 780 1910 845 nisi
1953 789 2135 847 antea
2176 803 2292 847 nec
2330 781 2586 866 religio-

236 888 379 931 nem
424 865 807 934 Graecorum
852 884 1083 956 neque?
1111 879 1308 936 artem
1361 872 1699 957 perfectam
1755 896 1896 943 esse
1948 877 2239 957 formam,
2294 898 2418 964 qua
2470 899 2589 960 per

236 985 305 1028 se
349 964 750 1031 contineatur
790 986 1031 1032 summa
1070 975 1141 1032 et
1181 968 1455 1054 perfecta
1497 969 1720 1035 veritas
1761 972 2027 1063 professi
2077 974 2332 1051 orimus.
2414 974 2586 1038 Haec

237 1059 403 1125 enim
433 1082 627 1147 quum
659 1084 867 1149 neque
896 1083 973 1128 eo
1014 1070 1309 1130 contenta
1351 1065 1451 1143 sit,
1492 1073 1566 1130 ut
1605 1066 2024 1148 pulcherrima
2068 1050 2265 1135 fo‘rma
2291 1077 2586 1155 tanquam

239 1177 502 1243 corpore
548 1157 762 1224 induta
805 1158 880 1223 ad
923 1160 1247 1226 oculorum
1291 1170 1620 1231 revocetur
1661 1183 1942 1245 sensum,
1984 1164 2046 1230 id
2089 1165 2258 1251 quod
2303 1172 2400 1231 est
2438 1165 2586 1229 artis

234 1253 584 1340 proprium,
627 1276 832 1341 neque
877 1276 954 1321 eo
995 1264 1068 1321 ut
1108 1279 1143 1322 a
1174 1258 1362 1323 rebus
1393 1257 1681 1325 sensibus
1711 1259 2004 1345 subjectis
2047 1260 2109 1325 in
2140 1261 2458 1346 regionem
2490 1261 2586 1325 al-

238 1349 464 1416 tiorem
507 1358 571 1416 et
610 1351 688 1416 ad
730 1372 805 1416 ea
846 1353 1128 1431 tendenS,
1172 1375 1333 1441 quae
1377 1356 1754 1440 cogitatione
1796 1365 2036 1423 tantum
2078 1367 2143 1422 et
2170 1364 2378 1422 mente
2408 1378 2587 1443 cqm-

238 1447 587 1534 plectimur,
629 1446 833 1512 media
875 1448 939 1513 in
980 1449 1075 1515 vie
1103 1470 1142 1515 a
1168 1451 1469 1538 religione
1499 1451 1860 1529 retineatur,
1903 1453 2134 1518 nullam
2163 1450 2587 1540 hahetnffiue

238 1544 304 1609 in
346 1552 475 1610 arte
528 1565 735 1631 neque
789 1544 853 1609 in
907 1545 1204 1630 religione
1259 1554 1491 1614 certam
1540 1548 1906 1633 firmamque
1960 1549 2202 1626 sedem,
2265 1549 2457 1614 immo
2509 1544 2588 1614 ab'

243 1640 437 1706 altera
490 1639 750 1707 invicem
805 1641 868 1706 in
920 1642 1176 1706 alteram
1240 1644 1540 1710 continuo
1596 1643 1946 1723 defertur„
1971 1666 2087 1709 nec
2148 1644 2358 1730 quiete
2420 1645 2588 1729 degit

238 1738 605 1823 priusquam
648 1757 683 1800 a
726 1736 1115 1823 philosophia
1158 1739 1336 1824 quasi
1380 1740 1443 1805 in
1486 1740 1731 1806 coelum
1773 1747 2028 1822 recepta
2070 1740 2199 1804 sola
2235 1740 2481 1806 ratione
2524 1747 2589 1805 et

239 1832 643 1918 intelligentia
686 1832 1096 1900 contineatur.

397 1930 493 1994 Eo
546 1928 733 2015 igitur
779 1937 910 1995 tota
964 1931 1043 1995 de
1094 1931 1392 2016 religione
1444 1931 1732 2018 Aeschyli
1785 1917 2070 2017 quaestio
2131 1930 2322 2007 redit,
2382 1938 2455 1996 ut
2514 1953 2589 1997 ea

240 2047 404 2112 quae
456 2026 710 2111 proprie
761 2025 1078 2110 religionis
1129 2034 1279 2091 sunt
1327 2048 1456 2114 quo
1509 2034 1693 2114 paeto
1744 2026 1967 2094 foedus
2009 2047 2153 2093 cum
2193 2028 2371 2113 poesi
2415 2027 2588 2093 fece·-

239 2123 366 2189 rint
410 2122 743 2207 diligenter
789 2122 1196 2209 inquiramus.
1280 2123 1402 2190 Sed
1470 2124 1550 2189 de
1604 2123 1856 2189 foedere
1908 2145 2038 2188 non
2083 2124 2246 2189 hene
2300 2124 2588 2191 diximus.

237 2220 397 2287 Nam
448 2239 578 2285 non
630 2238 704 2285 ea
753 2225 851 2283 est
898 2218 1114 2299 poesis
1156 2241 1321 2306 quae
1360 2221 1585 2287 eodem
1627 2240 1875 2301 semper
1914 2236 2059 2286 cum
2100 2219 2396 2305 religione
2439 2220 2587 2287 vin-

243 2315 387 2383 culo
439 2314 613 2400 ligari
663 2314 809 2383 velit
819 2335 837 2389 ;
891 2314 1079 2380 hahet
1128 2338 1277 2383 sane
1328 2337 1442 2399 per
1494 2338 1559 2381 se
1600 2316 1722 2382 vim
1766 2316 2077 2403 quandam
2121 2325 2187 2382 et
2224 2316 2588 2402 dignitatem

239 2412 559 2500 religionis
597 2411 655 2481 vi
695 2411 796 2481 vix
837 2411 1212 2480 inferiorem.
1294 2413 1475 2480 Licet
1525 2411 1714 2500 igitur
1762 2414 1855 2482 vel
1898 2413 2197 2480 maximas
2247 2423 2382 2481 tum
2434 2414 2586 2481 reli-

239 2511 409 2597 gioni
451 2518 661 2597 partes
710 2510 974 2589 tribuat,
1025 2511 1086 2577 id
1147 2520 1357 2579 tamen
1409 2533 1537 2578 non
1587 2510 1794 2575 minus
1844 2515 2014 2592 aget,
2072 2515 2148 2572 ut
2207 2510 2394 2573 nullis
2454 2520 2590 2575 tum

240 2607 557 2693 religionis
599 2607 859 2675 vinculis
900 2608 1197 2693 impedita
1236 2629 1355 2673 suo
1397 2606 1732 2689 splendore
1787 2602 2142 2690 splendeat,
2187 2625 2305 2672 suo
2356 2604 2592 2672 nitatur

240 2702 537 2791 pondere.
619 2704 838 2789 Itaque
873 2703 1003 2786 jam
1044 2725 1172 2768 non
1212 2703 1337 2768 icto
1360 2701 1632 2769 ,foedere
1675 2700 1931 2766 alteram
1972 2722 2116 2767 cum
2147 2702 2340 2767 altera
2367 2702 2588 2791 iisdem

242 2800 586 2887 gaudentes
630 2798 904 2886 juribus,
958 2799 1071 2866 sed
1116 2799 1350 2865 bellum
1401 2798 1566 2864 inter
1617 2819 1685 2863 se
1727 2805 2047 2881 gerentes,
2108 2798 2296 2885 idque
2339 2799 2589 2865 fortuna

240 2898 401 2964 hanc
443 2917 609 2962 nunc
652 2896 717 2964 in
758 2905 1019 2977 partem,
1064 2918 1233 2963 nunc
1275 2896 1339 2961 in
1381 2895 1548 2960 illam
1588 2901 1877 2977 vergente
1919 2916 2026 2959 eas
2067 2895 2274 2961 videre
2315 2895 2464 2961 mihi
2493 2896 2591 2962 vi-

240 2994 412 3060 deor.
499 2992 709 3060 utram
759 3011 907 3056 vero
963 2992 1241 3078 apertius
1283 2990 1535 3057 fortuna
1583 2997 1820 3076 partem
1874 2996 2201 3076 sequatur,
2249 2997 2471 3077 utpote
2526 2991 2588 3056 in

240 3096 449 3177 poeta,
490 3086 750 3156 dubium
793 3108 933 3153 esse
974 3109 1102 3153 non
1142 3095 1368 3174 potest.
1446 3086 1668 3152 Po‘esis
1721 3087 1887 3152 enim
1943 3107 2138 3173 quum
2189 3086 2418 3154 finibus
2459 3086 2592 3154 suis

241 3207 369 3254 non
411 3206 487 3252 ea
526 3182 882 3251 conditione
923 3185 1288 3271 religionem
1332 3183 1666 3270 exceperit,
1705 3191 1781 3249 ut
1820 3183 2029 3270 poesis
2072 3204 2212 3248 esse
2254 3184 2589 3261 desineret,

242 3282 411 3348 illam
452 3302 532 3346 ne
576 3279 790 3345 heram
831 3282 1028 3366 magis
1070 3303 1259 3368 quam
1311 3301 1549 3348 servam
1600 3279 1851 3358 habeat,
1901 3299 2281 3365 magnopere
2335 3280 2589 3347 cavebit.

240 3381 382 3452 Jam
426 3374 722 3464 quoniam
766 3375 849 3440 ita
893 3385 1253 3463 comparata
1305 3386 1402 3443 est
1450 3382 1674 3442 namra
1727 3375 1996 3442 humana
2049 3385 2123 3441 ut
2172 3377 2265 3443 vel
2319 3376 2589 3441 maxime

242 3476 486 3563 placeat
524 3471 1017 3555 periclitantibus
1059 3493 1442 3551 succurrere,
1484 3481 1694 3559 partes
1725 3472 2047 3540 inferiores
2077 3473 2414 3539 defendere
2435 3471 2587 3537 mihi

246 3592 503 3660 quoque
546 3569 612 3635 in
654 3568 863 3635 animo
905 3577 1019 3636 est.

408 3667 572 3736 Sunt
612 3687 757 3735 vero
798 3673 927 3732 tres
970 3666 1146 3753 quasi
1190 3666 1416 3754 gradus
1456 3666 1602 3733 belli
1645 3665 1855 3745 istius,
1902 3686 2176 3751 quorum
2212 3665 2417 3747 primo
2458 3665 2591 3731 vic-

243 3763 365 3829 trix
415 3765 670 3831 omnino
721 3762 933 3846 poesis
987 3762 1259 3840 exsistit,
1325 3763 1522 3829 altero
1575 3762 1674 3828 cui
1727 3762 1974 3850 primae
2041 3761 2411 3827 deferendae
2467 3760 2591 3825 sint

246 3860 525 3926 nondum
565 3868 762 3947 patet,
812 3859 999 3927 tertio
1049 3866 1122 3925 ut
1171 3858 1659 3947 triumphantem
1713 3867 1823 3924 aut
1865 3866 2032 3924 certe
2071 3858 2392 3924 liberatam
2437 3855 2589 3921 reli-

247 3956 494 4043 gionem
536 3978 613 4024 ex
653 3958 894 4039 proelio
938 3957 1246 4025 deducere
1289 3956 1449 4022 licet.
1492 3994 1566 4004 --

295 4263 303 4271 ’
389 4271 448 4333 ¹⁸¹)
487 4278 623 4327 Vldtt
660 4283 825 4326 tamen
862 4276 978 4332 qum
1018 4275 1325 4333 potissimum
1361 4277 1406 4325 ls
1433 4287 1590 4333 agere
1624 4276 1840 4334 deberet,
1877 4273 1960 4330 qui
1985 4275 2047 4320 de
2069 4271 2323 4330 theologla
2347 4269 2592 4326 Aeschyli

251 4349 473 4396 scribere
516 4353 669 4398 venet
704 4349 1079 4398 senoeuius
1114 4349 1165 4395 ln
1202 4351 1356 4396 nero:
1404 4349 1643 4406 nentege
1678 4359 1772 4396 zur
1807 4347 2081 4396 Kenntnlss
2119 4349 2208 4392 der
2244 4350 2372 4399 mg.
2409 4341 2592 4389 Paeane

247 4420 334 4467 der
369 4411 632 4470 Griechen.
686 4424 726 4467 1.
767 4433 813 4477 p.
853 4422 937 4466 25.

387 4480 468 4546 ”)
505 4493 704 4538 Librum
740 4492 847 4537 dico
885 4492 947 4538 R.
984 4490 1045 4535 Η.
1083 4489 1452 4549 linamenti,
1502 4495 1716 4537 ceterum
1754 4492 1897 4536 docte
1932 4487 2294 4542 diligenterque
2330 4481 2588 4538 scriptum:

246 4549 651 4616 Tamum-nona
685 4562 929 4616 Aeschyli
968 4561 1168 4617 tragici.
1241 4562 1405 4608 Bet-el.
1451 4560 1603 4610 ¹829.
