<?xml version="1.0" encoding="UTF-8"?>
<!DOCTYPE html PUBLIC "-//W3C//DTD XHTML 1.0 Transitional//EN"
    "http://www.w3.org/TR/xhtml1/DTD/xhtml1-transitional.dtd">
<html xmlns="http://www.w3.org/1999/xhtml" xml:lang="en" lang="en">
 <head>
  <title>
</title>
<meta http-equiv="Content-Type" content="text/html;charset=utf-8" />
  <meta name='ocr-system' content='tesseract 3.04.00' />
  <meta name='ocr-capabilities' content='ocr_page ocr_carea ocr_par ocr_line ocrx_word'/>
</head>
<body>
  <div class='ocr_page' id='page_1' title='image "./dererumdivinaru00haymgoog_0016.png"; bbox 0 0 2978 4869; ppageno 0'>
   <div class='ocr_carea' id='block_1_1' title="bbox 1197 181 1593 247">
    <p class='ocr_par' dir='ltr' id='par_1_1' title="bbox 1197 181 1593 247">
     <span class='ocr_line' id='line_1_1' title="bbox 1197 181 1593 247; baseline 0.005 -18"><span class='ocrx_word' id='word_1_1' title='bbox 1197 181 1593 247; x_wconf 67' lang='grc'>...3.-</span> 
     </span>
    </p>
   </div>
   <div class='ocr_carea' id='block_1_2' title="bbox 216 347 2582 4403">
    <p class='ocr_par' dir='ltr' id='par_1_2' title="bbox 216 347 2571 1594">
     <span class='ocr_line' id='line_1_2' title="bbox 220 347 2560 440; baseline 0.002 -28"><span class='ocrx_word' id='word_1_2' title='bbox 220 347 634 435; x_wconf 63' lang='lat' dir='ltr'><strong>Schlegelii</strong></span> <span class='ocrx_word' id='word_1_3' title='bbox 684 351 1052 420; x_wconf 78' lang='lat' dir='ltr'><strong>sententiam</strong></span> <span class='ocrx_word' id='word_1_4' title='bbox 1106 352 1187 418; x_wconf 88' lang='lat' dir='ltr'><strong>sit</strong></span> <span class='ocrx_word' id='word_1_5' title='bbox 1235 353 1586 440; x_wconf 84' lang='lat' dir='ltr'><strong>amplexus,</strong></span> <span class='ocrx_word' id='word_1_6' title='bbox 1635 357 1843 416; x_wconf 87' lang='lat' dir='ltr'><strong>tamen</strong></span> <span class='ocrx_word' id='word_1_7' title='bbox 1891 356 2197 437; x_wconf 88' lang='lat' dir='ltr'><strong>quantum</strong></span> <span class='ocrx_word' id='word_1_8' title='bbox 2255 350 2442 417; x_wconf 80' lang='lat' dir='ltr'><strong>faeiat</strong></span> <span class='ocrx_word' id='word_1_9' title='bbox 2487 372 2560 417; x_wconf 89' lang='lat' dir='ltr'><strong>ea</strong></span> 
     </span>
     <span class='ocr_line' id='line_1_3' title="bbox 218 441 2563 535; baseline 0.002 -26"><span class='ocrx_word' id='word_1_10' title='bbox 218 441 416 512; x_wconf 74' lang='lat' dir='ltr'><strong>forma</strong></span> <span class='ocrx_word' id='word_1_11' title='bbox 457 449 534 513; x_wconf 91' lang='lat' dir='ltr'><strong>ad</strong></span> <span class='ocrx_word' id='word_1_12' title='bbox 575 450 953 531; x_wconf 71' lang='lat' dir='ltr'><strong>peculiarem</strong></span> <span class='ocrx_word' id='word_1_13' title='bbox 993 450 1344 535; x_wconf 71' lang='lat' dir='ltr'><strong>tragoediae</strong></span> <span class='ocrx_word' id='word_1_14' title='bbox 1386 449 1767 535; x_wconf 85' lang='lat' dir='ltr'><strong>dignitatem,</strong></span> <span class='ocrx_word' id='word_1_15' title='bbox 1809 468 1937 513; x_wconf 89' lang='lat' dir='ltr'><strong>non</strong></span> <span class='ocrx_word' id='word_1_16' title='bbox 1980 448 2188 513; x_wconf 88' lang='lat' dir='ltr'><strong>sensit.</strong></span> <span class='ocrx_word' id='word_1_17' title='bbox 2243 450 2353 514; x_wconf 60' lang='lat' dir='ltr'><strong>»Eo</strong></span> <span class='ocrx_word' id='word_1_18' title='bbox 2396 448 2563 514; x_wconf 82' lang='lat' dir='ltr'><strong>enim</strong></span> 
     </span>
     <span class='ocr_line' id='line_1_4' title="bbox 219 542 2563 632; baseline 0.001 -26"><span class='ocrx_word' id='word_1_19' title='bbox 219 542 391 627; x_wconf 90' lang='lat' dir='ltr'><strong>quod</strong></span> <span class='ocrx_word' id='word_1_20' title='bbox 431 545 646 611; x_wconf 87' lang='lat' dir='ltr'><strong>mundi</strong></span> <span class='ocrx_word' id='word_1_21' title='bbox 687 546 927 632; x_wconf 87' lang='lat' dir='ltr'><strong>legibus</strong></span> <span class='ocrx_word' id='word_1_22' title='bbox 976 554 1043 612; x_wconf 90' lang='lat' dir='ltr'><strong>et</strong></span> <span class='ocrx_word' id='word_1_23' title='bbox 1082 554 1340 612; x_wconf 83' lang='lat' dir='ltr'><strong>naturae</strong></span> <span class='ocrx_word' id='word_1_24' title='bbox 1382 545 1689 612; x_wconf 80' lang='lat' dir='ltr'><strong>humanae</strong></span> <span class='ocrx_word' id='word_1_25' title='bbox 1741 544 2003 610; x_wconf 86' lang='lat' dir='ltr'><strong>eandem</strong></span> <span class='ocrx_word' id='word_1_26' title='bbox 2045 543 2307 611; x_wconf 80' lang='lat' dir='ltr'><strong>sormam</strong></span> <span class='ocrx_word' id='word_1_27' title='bbox 2356 545 2563 610; x_wconf 87' lang='lat' dir='ltr'><strong>inesse</strong></span> 
     </span>
     <span class='ocr_line' id='line_1_5' title="bbox 220 634 2565 730; baseline 0.002 -28"><span class='ocrx_word' id='word_1_28' title='bbox 220 641 557 722; x_wconf 75' lang='lat' dir='ltr'><strong>contendit,</strong></span> <span class='ocrx_word' id='word_1_29' title='bbox 605 664 800 730; x_wconf 88' lang='lat' dir='ltr'><strong>quum</strong></span> <span class='ocrx_word' id='word_1_30' title='bbox 829 642 1186 728; x_wconf 86' lang='lat' dir='ltr'><strong>dignitatem</strong></span> <span class='ocrx_word' id='word_1_31' title='bbox 1228 642 1365 730; x_wconf 87' lang='lat' dir='ltr'><strong>ejus</strong></span> <span class='ocrx_word' id='word_1_32' title='bbox 1391 642 1592 730; x_wconf 81' lang='lat' dir='ltr'><strong>possit</strong></span> <span class='ocrx_word' id='word_1_33' title='bbox 1631 662 1857 726; x_wconf 84' lang='lat' dir='ltr'><strong>augere</strong></span> <span class='ocrx_word' id='word_1_34' title='bbox 1886 640 2097 720; x_wconf 81' lang='lat' dir='ltr'><strong>videri,</strong></span> <span class='ocrx_word' id='word_1_35' title='bbox 2137 634 2366 708; x_wconf 85' lang='lat' dir='ltr'><strong>minuit</strong></span> <span class='ocrx_word' id='word_1_36' title='bbox 2404 662 2565 706; x_wconf 71' lang='lat' dir='ltr'><strong>coa-</strong></span> 
     </span>
     <span class='ocr_line' id='line_1_6' title="bbox 219 737 2565 827; baseline 0.002 -28"><span class='ocrx_word' id='word_1_37' title='bbox 219 740 315 799; x_wconf 79' lang='lat' dir='ltr'><strong>tra</strong></span> <span class='ocrx_word' id='word_1_38' title='bbox 355 756 433 803; x_wconf 88' lang='lat' dir='ltr'><strong>eo</strong></span> <span class='ocrx_word' id='word_1_39' title='bbox 472 739 646 826; x_wconf 85' lang='lat' dir='ltr'><strong>quod</strong></span> <span class='ocrx_word' id='word_1_40' title='bbox 686 762 765 805; x_wconf 85' lang='lat' dir='ltr'><strong>ne</strong></span> <span class='ocrx_word' id='word_1_41' title='bbox 804 739 1281 827; x_wconf 66' lang='lat' dir='ltr'><strong>epi&#39;cdquidem</strong></span> <span class='ocrx_word' id='word_1_42' title='bbox 1323 738 1581 805; x_wconf 81' lang='lat' dir='ltr'><strong>carmini</strong></span> <span class='ocrx_word' id='word_1_43' title='bbox 1624 756 1762 803; x_wconf 87' lang='lat' dir='ltr'><strong>eam</strong></span> <span class='ocrx_word' id='word_1_44' title='bbox 1804 737 2022 803; x_wconf 84' lang='lat' dir='ltr'><strong>deesse</strong></span> <span class='ocrx_word' id='word_1_45' title='bbox 2061 737 2287 825; x_wconf 78' lang='lat' dir='ltr'><strong>adjicit.</strong></span> <span class='ocrx_word' id='word_1_46' title='bbox 2348 739 2565 803; x_wconf 87' lang='lat' dir='ltr'><strong>Rebus</strong></span> 
     </span>
     <span class='ocr_line' id='line_1_7' title="bbox 216 832 2565 921; baseline 0 -24"><span class='ocrx_word' id='word_1_47' title='bbox 216 853 369 899; x_wconf 82' lang='lat' dir='ltr'><strong>sane</strong></span> <span class='ocrx_word' id='word_1_48' title='bbox 411 836 511 901; x_wconf 88' lang='lat' dir='ltr'><strong>lex</strong></span> <span class='ocrx_word' id='word_1_49' title='bbox 550 836 655 902; x_wconf 89' lang='lat' dir='ltr'><strong>illa</strong></span> <span class='ocrx_word' id='word_1_50' title='bbox 705 857 837 902; x_wconf 85' lang='lat' dir='ltr'><strong>non</strong></span> <span class='ocrx_word' id='word_1_51' title='bbox 873 837 1075 916; x_wconf 87' lang='lat' dir='ltr'><strong>deest,</strong></span> <span class='ocrx_word' id='word_1_52' title='bbox 1126 837 1236 903; x_wconf 85' lang='lat' dir='ltr'><strong>sed</strong></span> <span class='ocrx_word' id='word_1_53' title='bbox 1285 844 1360 903; x_wconf 92' lang='lat' dir='ltr'><strong>ut</strong></span> <span class='ocrx_word' id='word_1_54' title='bbox 1407 833 1651 900; x_wconf 86' lang='lat' dir='ltr'><strong>animae</strong></span> <span class='ocrx_word' id='word_1_55' title='bbox 1702 832 1841 900; x_wconf 93' lang='lat' dir='ltr'><strong>loco</strong></span> <span class='ocrx_word' id='word_1_56' title='bbox 1893 834 1958 899; x_wconf 91' lang='lat' dir='ltr'><strong>in</strong></span> <span class='ocrx_word' id='word_1_57' title='bbox 2010 834 2200 900; x_wconf 91' lang='lat' dir='ltr'><strong>rebus</strong></span> <span class='ocrx_word' id='word_1_58' title='bbox 2249 841 2565 921; x_wconf 86' lang='lat' dir='ltr'><strong>appareat,</strong></span> 
     </span>
     <span class='ocr_line' id='line_1_8' title="bbox 220 926 2566 1019; baseline 0.002 -28"><span class='ocrx_word' id='word_1_59' title='bbox 220 926 284 992; x_wconf 90' lang='lat' dir='ltr'><strong>id</strong></span> <span class='ocrx_word' id='word_1_60' title='bbox 323 952 454 996; x_wconf 90' lang='lat' dir='ltr'><strong>non</strong></span> <span class='ocrx_word' id='word_1_61' title='bbox 493 931 753 997; x_wconf 89' lang='lat' dir='ltr'><strong>Homeri</strong></span> <span class='ocrx_word' id='word_1_62' title='bbox 793 932 902 997; x_wconf 91' lang='lat' dir='ltr'><strong>sed</strong></span> <span class='ocrx_word' id='word_1_63' title='bbox 942 932 1234 1019; x_wconf 80' lang='lat' dir='ltr'><strong>Aeschyli</strong></span> <span class='ocrx_word' id='word_1_64' title='bbox 1275 940 1407 997; x_wconf 84' lang='lat' dir='ltr'><strong>arte</strong></span> <span class='ocrx_word' id='word_1_65' title='bbox 1450 930 1804 996; x_wconf 86' lang='lat' dir='ltr'><strong>consectum</strong></span> <span class='ocrx_word' id='word_1_66' title='bbox 1846 939 1960 995; x_wconf 87' lang='lat' dir='ltr'><strong>est.</strong></span> <span class='ocrx_word' id='word_1_67' title='bbox 2027 932 2228 996; x_wconf 88' lang='lat' dir='ltr'><strong>Immo</strong></span> <span class='ocrx_word' id='word_1_68' title='bbox 2269 932 2346 996; x_wconf 90' lang='lat' dir='ltr'><strong>ab</strong></span> <span class='ocrx_word' id='word_1_69' title='bbox 2375 930 2566 1017; x_wconf 53' lang='lat' dir='ltr'><strong>‘epico</strong></span> 
     </span>
     <span class='ocr_line' id='line_1_9' title="bbox 220 1026 2566 1113; baseline 0 -22"><span class='ocrx_word' id='word_1_70' title='bbox 220 1026 496 1093; x_wconf 73' lang='lat' dir='ltr'><strong>carmine</strong></span> <span class='ocrx_word' id='word_1_71' title='bbox 536 1036 668 1094; x_wconf 86' lang='lat' dir='ltr'><strong>tam</strong></span> <span class='ocrx_word' id='word_1_72' title='bbox 709 1027 908 1094; x_wconf 89' lang='lat' dir='ltr'><strong>aliena</strong></span> <span class='ocrx_word' id='word_1_73' title='bbox 948 1037 1049 1095; x_wconf 87' lang='lat' dir='ltr'><strong>est</strong></span> <span class='ocrx_word' id='word_1_74' title='bbox 1084 1029 1244 1095; x_wconf 88' lang='lat' dir='ltr'><strong>ratio</strong></span> <span class='ocrx_word' id='word_1_75' title='bbox 1285 1028 1404 1093; x_wconf 89' lang='lat' dir='ltr'><strong>ista</strong></span> <span class='ocrx_word' id='word_1_76' title='bbox 1441 1027 1751 1113; x_wconf 88' lang='lat' dir='ltr'><strong>trilogica,</strong></span> <span class='ocrx_word' id='word_1_77' title='bbox 1787 1034 1863 1092; x_wconf 88' lang='lat' dir='ltr'><strong>ut</strong></span> <span class='ocrx_word' id='word_1_78' title='bbox 1900 1046 2031 1092; x_wconf 89' lang='lat' dir='ltr'><strong>uno</strong></span> <span class='ocrx_word' id='word_1_79' title='bbox 2072 1027 2158 1092; x_wconf 91' lang='lat' dir='ltr'><strong>ibi</strong></span> <span class='ocrx_word' id='word_1_80' title='bbox 2201 1027 2408 1093; x_wconf 89' lang='lat' dir='ltr'><strong>omnia</strong></span> <span class='ocrx_word' id='word_1_81' title='bbox 2448 1048 2566 1092; x_wconf 93' lang='lat' dir='ltr'><strong>eo-</strong></span> 
     </span>
     <span class='ocr_line' id='line_1_10' title="bbox 220 1121 2567 1210; baseline 0.001 -24"><span class='ocrx_word' id='word_1_82' title='bbox 220 1121 492 1210; x_wconf 78' lang='lat' dir='ltr'><strong>demque</strong></span> <span class='ocrx_word' id='word_1_83' title='bbox 532 1133 750 1191; x_wconf 90' lang='lat' dir='ltr'><strong>tenore</strong></span> <span class='ocrx_word' id='word_1_84' title='bbox 791 1125 857 1189; x_wconf 89' lang='lat' dir='ltr'><strong>in</strong></span> <span class='ocrx_word' id='word_1_85' title='bbox 898 1124 1208 1191; x_wconf 85' lang='lat' dir='ltr'><strong>infinitum</strong></span> <span class='ocrx_word' id='word_1_86' title='bbox 1247 1124 1593 1203; x_wconf 82' lang='lat' dir='ltr'><strong>trahantur,</strong></span> <span class='ocrx_word' id='word_1_87' title='bbox 1636 1123 1858 1190; x_wconf 89' lang='lat' dir='ltr'><strong>eodem</strong></span> <span class='ocrx_word' id='word_1_88' title='bbox 1901 1123 2109 1189; x_wconf 88' lang='lat' dir='ltr'><strong>omnia</strong></span> <span class='ocrx_word' id='word_1_89' title='bbox 2149 1123 2308 1203; x_wconf 87' lang='lat' dir='ltr'><strong>loco,</strong></span> <span class='ocrx_word' id='word_1_90' title='bbox 2350 1124 2567 1189; x_wconf 88' lang='lat' dir='ltr'><strong>eadem</strong></span> 
     </span>
     <span class='ocr_line' id='line_1_11' title="bbox 220 1216 2569 1307; baseline 0.002 -26"><span class='ocrx_word' id='word_1_91' title='bbox 220 1216 518 1303; x_wconf 82' lang='lat' dir='ltr'><strong>dignitate</strong></span> <span class='ocrx_word' id='word_1_92' title='bbox 557 1221 920 1287; x_wconf 88' lang='lat' dir='ltr'><strong>habeantur.</strong></span> <span class='ocrx_word' id='word_1_93' title='bbox 1000 1222 1235 1287; x_wconf 88' lang='lat' dir='ltr'><strong>Verum</strong></span> <span class='ocrx_word' id='word_1_94' title='bbox 1285 1220 1472 1305; x_wconf 87' lang='lat' dir='ltr'><strong>igitur</strong></span> <span class='ocrx_word' id='word_1_95' title='bbox 1521 1242 1649 1286; x_wconf 92' lang='lat' dir='ltr'><strong>non</strong></span> <span class='ocrx_word' id='word_1_96' title='bbox 1693 1220 1949 1286; x_wconf 90' lang='lat' dir='ltr'><strong>omnino</strong></span> <span class='ocrx_word' id='word_1_97' title='bbox 2000 1219 2252 1307; x_wconf 90' lang='lat' dir='ltr'><strong>quidem</strong></span> <span class='ocrx_word' id='word_1_98' title='bbox 2295 1220 2569 1304; x_wconf 81' lang='lat' dir='ltr'><strong>effugere</strong></span> 
     </span>
     <span class='ocr_line' id='line_1_12' title="bbox 219 1316 2567 1404; baseline -0 -23"><span class='ocrx_word' id='word_1_99' title='bbox 219 1316 426 1400; x_wconf 88' lang='lat' dir='ltr'><strong>potuit</strong></span> <span class='ocrx_word' id='word_1_100' title='bbox 485 1318 685 1385; x_wconf 82' lang='lat' dir='ltr'><strong>virum</strong></span> <span class='ocrx_word' id='word_1_101' title='bbox 735 1318 970 1404; x_wconf 89' lang='lat' dir='ltr'><strong>optime</strong></span> <span class='ocrx_word' id='word_1_102' title='bbox 1020 1317 1098 1383; x_wconf 89' lang='lat' dir='ltr'><strong>de</strong></span> <span class='ocrx_word' id='word_1_103' title='bbox 1138 1317 1445 1404; x_wconf 78' lang='lat' dir='ltr'><strong>Aeschylo</strong></span> <span class='ocrx_word' id='word_1_104' title='bbox 1485 1316 1779 1383; x_wconf 83' lang='lat' dir='ltr'><strong>meritum</strong></span> <span class='ocrx_word' id='word_1_105' title='bbox 1794 1366 1811 1395; x_wconf 95' lang='lat'><strong>,</strong></span> <span class='ocrx_word' id='word_1_106' title='bbox 1862 1317 1971 1382; x_wconf 90' lang='lat' dir='ltr'><strong>sed</strong></span> <span class='ocrx_word' id='word_1_107' title='bbox 2014 1324 2399 1403; x_wconf 86' lang='lat' dir='ltr'><strong>quantopere</strong></span> <span class='ocrx_word' id='word_1_108' title='bbox 2437 1316 2567 1383; x_wconf 84' lang='lat' dir='ltr'><strong>veri</strong></span> 
     </span>
     <span class='ocr_line' id='line_1_13' title="bbox 221 1411 2571 1501; baseline 0.001 -26"><span class='ocrx_word' id='word_1_109' title='bbox 221 1412 643 1495; x_wconf 87' lang='lat' dir='ltr'><strong>cognitionem</strong></span> <span class='ocrx_word' id='word_1_110' title='bbox 684 1413 973 1481; x_wconf 84' lang='lat' dir='ltr'><strong>habuerit</strong></span> <span class='ocrx_word' id='word_1_111' title='bbox 1011 1416 1404 1482; x_wconf 86' lang='lat' dir='ltr'><strong>obscuratam</strong></span> <span class='ocrx_word' id='word_1_112' title='bbox 1447 1435 1525 1481; x_wconf 87' lang='lat' dir='ltr'><strong>ex</strong></span> <span class='ocrx_word' id='word_1_113' title='bbox 1566 1414 1705 1480; x_wconf 90' lang='lat' dir='ltr'><strong>loco</strong></span> <span class='ocrx_word' id='word_1_114' title='bbox 1746 1421 2069 1501; x_wconf 87' lang='lat' dir='ltr'><strong>praeterea</strong></span> <span class='ocrx_word' id='word_1_115' title='bbox 2108 1433 2246 1498; x_wconf 86' lang='lat' dir='ltr'><strong>pag.</strong></span> <span class='ocrx_word' id='word_1_116' title='bbox 2286 1417 2423 1479; x_wconf 81' lang='lat'><strong>538.</strong></span> <span class='ocrx_word' id='word_1_117' title='bbox 2466 1411 2571 1481; x_wconf 87' lang='lat' dir='ltr'><strong>in-</strong></span> 
     </span>
     <span class='ocr_line' id='line_1_14' title="bbox 220 1506 631 1594; baseline 0.015 -24"><span class='ocrx_word' id='word_1_118' title='bbox 220 1506 534 1594; x_wconf 81' lang='lat' dir='ltr'><strong>telligitur.</strong></span> <span class='ocrx_word' id='word_1_119' title='bbox 622 1574 631 1593; x_wconf 76' lang='grc'><strong>,</strong></span> 
     </span>
    </p>

    <p class='ocr_par' dir='ltr' id='par_1_3' title="bbox 218 1604 2581 3726">
     <span class='ocr_line' id='line_1_15' title="bbox 379 1604 2573 1697; baseline -0.001 -25"><span class='ocrx_word' id='word_1_120' title='bbox 379 1606 519 1672; x_wconf 85' lang='lat' dir='ltr'><strong>Jam</strong></span> <span class='ocrx_word' id='word_1_121' title='bbox 562 1609 671 1695; x_wconf 90' lang='lat' dir='ltr'><strong>qui</strong></span> <span class='ocrx_word' id='word_1_122' title='bbox 699 1616 940 1675; x_wconf 87' lang='lat' dir='ltr'><strong>tantum</strong></span> <span class='ocrx_word' id='word_1_123' title='bbox 970 1619 1272 1697; x_wconf 88' lang='lat' dir='ltr'><strong>quantum</strong></span> <span class='ocrx_word' id='word_1_124' title='bbox 1301 1609 1583 1693; x_wconf 88' lang='lat' dir='ltr'><strong>oportuit</strong></span> <span class='ocrx_word' id='word_1_125' title='bbox 1617 1606 2030 1694; x_wconf 84' lang='lat' dir='ltr'><strong>Schlegelii</strong></span> <span class='ocrx_word' id='word_1_126' title='bbox 2072 1604 2415 1672; x_wconf 71' lang='lat' dir='ltr'><strong>sententiae</strong></span> <span class='ocrx_word' id='word_1_127' title='bbox 2452 1605 2573 1670; x_wconf 88' lang='lat' dir='ltr'><strong>tri-</strong></span> 
     </span>
     <span class='ocr_line' id='line_1_16' title="bbox 218 1701 2572 1792; baseline 0 -27"><span class='ocrx_word' id='word_1_128' title='bbox 218 1701 430 1767; x_wconf 85' lang='lat' dir='ltr'><strong>buerit</strong></span> <span class='ocrx_word' id='word_1_129' title='bbox 468 1711 536 1769; x_wconf 90' lang='lat' dir='ltr'><strong>et</strong></span> <span class='ocrx_word' id='word_1_130' title='bbox 560 1705 722 1770; x_wconf 90' lang='lat' dir='ltr'><strong>ultra</strong></span> <span class='ocrx_word' id='word_1_131' title='bbox 766 1707 846 1771; x_wconf 91' lang='lat' dir='ltr'><strong>sit</strong></span> <span class='ocrx_word' id='word_1_132' title='bbox 886 1706 951 1771; x_wconf 88' lang='lat' dir='ltr'><strong>in</strong></span> <span class='ocrx_word' id='word_1_133' title='bbox 992 1727 1068 1772; x_wconf 88' lang='lat' dir='ltr'><strong>ea</strong></span> <span class='ocrx_word' id='word_1_134' title='bbox 1096 1707 1457 1792; x_wconf 86' lang='lat' dir='ltr'><strong>explicanda</strong></span> <span class='ocrx_word' id='word_1_135' title='bbox 1484 1726 1855 1792; x_wconf 85' lang='lat' dir='ltr'><strong>progressus</strong></span> <span class='ocrx_word' id='word_1_136' title='bbox 1895 1704 2059 1769; x_wconf 79' lang='lat' dir='ltr'><strong>inter</strong></span> <span class='ocrx_word' id='word_1_137' title='bbox 2084 1702 2363 1790; x_wconf 87' lang='lat' dir='ltr'><strong>reliquos</strong></span> <span class='ocrx_word' id='word_1_138' title='bbox 2404 1722 2572 1788; x_wconf 89' lang='lat' dir='ltr'><strong>quo·-</strong></span> 
     </span>
     <span class='ocr_line' id='line_1_17' title="bbox 222 1797 2571 1889; baseline -0.002 -24"><span class='ocrx_word' id='word_1_139' title='bbox 222 1818 348 1883; x_wconf 74' lang='lat' dir='ltr'><strong>que</strong></span> <span class='ocrx_word' id='word_1_140' title='bbox 398 1798 617 1866; x_wconf 88' lang='lat' dir='ltr'><strong>doctos</strong></span> <span class='ocrx_word' id='word_1_141' title='bbox 671 1802 924 1889; x_wconf 88' lang='lat' dir='ltr'><strong>quidem</strong></span> <span class='ocrx_word' id='word_1_142' title='bbox 978 1811 1045 1869; x_wconf 88' lang='lat' dir='ltr'><strong>et</strong></span> <span class='ocrx_word' id='word_1_143' title='bbox 1090 1802 1448 1888; x_wconf 86' lang='lat' dir='ltr'><strong>ingeniosos</strong></span> <span class='ocrx_word' id='word_1_144' title='bbox 1488 1801 1775 1888; x_wconf 81' lang='lat' dir='ltr'><strong>Aeschyli</strong></span> <span class='ocrx_word' id='word_1_145' title='bbox 1826 1802 2201 1883; x_wconf 82' lang='lat' dir='ltr'><strong>interpretes</strong></span> <span class='ocrx_word' id='word_1_146' title='bbox 2260 1797 2571 1863; x_wconf 88' lang='lat' dir='ltr'><strong>neminem</strong></span> 
     </span>
     <span class='ocr_line' id='line_1_18' title="bbox 221 1893 2574 1985; baseline -0.001 -24"><span class='ocrx_word' id='word_1_147' title='bbox 221 1893 423 1961; x_wconf 86' lang='lat' dir='ltr'><strong>video.</strong></span> <span class='ocrx_word' id='word_1_148' title='bbox 504 1898 707 1964; x_wconf 91' lang='lat' dir='ltr'><strong>Immo</strong></span> <span class='ocrx_word' id='word_1_149' title='bbox 755 1921 945 1966; x_wconf 87' lang='lat' dir='ltr'><strong>unam</strong></span> <span class='ocrx_word' id='word_1_150' title='bbox 1000 1899 1389 1985; x_wconf 79' lang='lat' dir='ltr'><strong>eandemque</strong></span> <span class='ocrx_word' id='word_1_151' title='bbox 1437 1898 1645 1963; x_wconf 87' lang='lat' dir='ltr'><strong>ideam</strong></span> <span class='ocrx_word' id='word_1_152' title='bbox 1697 1918 1813 1985; x_wconf 90' lang='lat' dir='ltr'><strong>per</strong></span> <span class='ocrx_word' id='word_1_153' title='bbox 1859 1905 1984 1963; x_wconf 88' lang='lat' dir='ltr'><strong>tres</strong></span> <span class='ocrx_word' id='word_1_154' title='bbox 2023 1894 2376 1982; x_wconf 79' lang='lat' dir='ltr'><strong>tragoedias</strong></span> <span class='ocrx_word' id='word_1_155' title='bbox 2430 1893 2574 1960; x_wconf 85' lang='lat' dir='ltr'><strong>duci</strong></span> 
     </span>
     <span class='ocr_line' id='line_1_19' title="bbox 218 1989 2574 2080; baseline 0 -24"><span class='ocrx_word' id='word_1_156' title='bbox 218 1989 702 2079; x_wconf 81' lang='lat' dir='ltr'><strong>Droysenius</strong></span> <span class='ocrx_word' id='word_1_157' title='bbox 743 1996 950 2075; x_wconf 88' lang='lat' dir='ltr'><strong>etiam,</strong></span> <span class='ocrx_word' id='word_1_158' title='bbox 989 1995 1082 2063; x_wconf 79' lang='lat' dir='ltr'><strong>vir</strong></span> <span class='ocrx_word' id='word_1_159' title='bbox 1122 1995 1403 2062; x_wconf 86' lang='lat' dir='ltr'><strong>omnium</strong></span> <span class='ocrx_word' id='word_1_160' title='bbox 1442 1994 1710 2059; x_wconf 74' lang='lat' dir='ltr'><strong>maxime</strong></span> <span class='ocrx_word' id='word_1_161' title='bbox 1750 1993 2192 2080; x_wconf 81' lang='lat' dir='ltr'><strong>philosophus,</strong></span> <span class='ocrx_word' id='word_1_162' title='bbox 2239 1991 2428 2057; x_wconf 85' lang='lat' dir='ltr'><strong>habet</strong></span> <span class='ocrx_word' id='word_1_163' title='bbox 2467 2011 2574 2056; x_wconf 88' lang='lat' dir='ltr'><strong>sa-</strong></span> 
     </span>
     <span class='ocr_line' id='line_1_20' title="bbox 223 2086 2575 2179; baseline -0 -27"><span class='ocrx_word' id='word_1_164' title='bbox 223 2087 306 2152; x_wconf 89' lang='lat' dir='ltr'><strong>tis</strong></span> <span class='ocrx_word' id='word_1_165' title='bbox 348 2089 578 2155; x_wconf 83' lang='lat' dir='ltr'><strong>dixisse</strong></span> <span class='ocrx_word' id='word_1_166' title='bbox 604 2092 663 2175; x_wconf 73' lang='lat'><strong>“).</strong></span> <span class='ocrx_word' id='word_1_167' title='bbox 744 2093 928 2158; x_wconf 90' lang='lat' dir='ltr'><strong>Nam&#39;</strong></span> <span class='ocrx_word' id='word_1_168' title='bbox 958 2092 1020 2157; x_wconf 91' lang='lat' dir='ltr'><strong>id</strong></span> <span class='ocrx_word' id='word_1_169' title='bbox 1061 2113 1317 2179; x_wconf 88' lang='lat' dir='ltr'><strong>quoque</strong></span> <span class='ocrx_word' id='word_1_170' title='bbox 1367 2090 1539 2178; x_wconf 90' lang='lat' dir='ltr'><strong>quod</strong></span> <span class='ocrx_word' id='word_1_171' title='bbox 1579 2090 1658 2155; x_wconf 88' lang='lat' dir='ltr'><strong>de</strong></span> <span class='ocrx_word' id='word_1_172' title='bbox 1701 2090 2054 2155; x_wconf 84' lang='lat' dir='ltr'><strong>conditione</strong></span> <span class='ocrx_word' id='word_1_173' title='bbox 2095 2087 2385 2174; x_wconf 83' lang='lat' dir='ltr'><strong>Aeschyli</strong></span> <span class='ocrx_word' id='word_1_174' title='bbox 2425 2086 2575 2169; x_wconf 88' lang='lat' dir='ltr'><strong>phi-</strong></span> 
     </span>
     <span class='ocr_line' id='line_1_21' title="bbox 220 2182 2574 2274; baseline 0 -26"><span class='ocrx_word' id='word_1_175' title='bbox 220 2182 546 2265; x_wconf 80' lang='lat' dir='ltr'><strong>losophica</strong></span> <span class='ocrx_word' id='word_1_176' title='bbox 587 2188 935 2267; x_wconf 82' lang='lat' dir='ltr'><strong>contendit,</strong></span> <span class='ocrx_word' id='word_1_177' title='bbox 987 2210 1067 2257; x_wconf 89' lang='lat' dir='ltr'><strong>ne</strong></span> <span class='ocrx_word' id='word_1_178' title='bbox 1110 2188 1495 2274; x_wconf 88' lang='lat' dir='ltr'><strong>ingeniosius</strong></span> <span class='ocrx_word' id='word_1_179' title='bbox 1537 2208 1724 2274; x_wconf 88' lang='lat' dir='ltr'><strong>quam</strong></span> <span class='ocrx_word' id='word_1_180' title='bbox 1765 2186 1972 2253; x_wconf 83' lang='lat' dir='ltr'><strong>verius</strong></span> <span class='ocrx_word' id='word_1_181' title='bbox 2024 2185 2257 2250; x_wconf 80' lang='lat' dir='ltr'><strong>dictum</strong></span> <span class='ocrx_word' id='word_1_182' title='bbox 2306 2184 2412 2261; x_wconf 86' lang='lat' dir='ltr'><strong>sit,</strong></span> <span class='ocrx_word' id='word_1_183' title='bbox 2462 2205 2574 2250; x_wconf 83' lang='lat' dir='ltr'><strong>ve—</strong></span> 
     </span>
     <span class='ocr_line' id='line_1_22' title="bbox 221 2278 2576 2371; baseline 0.001 -27"><span class='ocrx_word' id='word_1_184' title='bbox 221 2299 389 2346; x_wconf 77' lang='lat' dir='ltr'><strong>reor.</strong></span> <span class='ocrx_word' id='word_1_185' title='bbox 472 2281 721 2349; x_wconf 83' lang='lat' dir='ltr'><strong>Mireris</strong></span> <span class='ocrx_word' id='word_1_186' title='bbox 780 2284 894 2351; x_wconf 83' lang='lat' dir='ltr'><strong>viri</strong></span> <span class='ocrx_word' id='word_1_187' title='bbox 956 2285 1274 2371; x_wconf 89' lang='lat' dir='ltr'><strong>ingenium</strong></span> <span class='ocrx_word' id='word_1_188' title='bbox 1335 2283 1780 2353; x_wconf 87' lang='lat' dir='ltr'><strong>Heracliticum</strong></span> <span class='ocrx_word' id='word_1_189' title='bbox 1841 2282 1994 2348; x_wconf 91' lang='lat' dir='ltr'><strong>illud</strong></span> <span class='ocrx_word' id='word_1_190' title='bbox 2062 2278 2287 2348; x_wconf 80' lang='grc' dir='ltr'><strong><em>πάντα</em></strong></span> <span class='ocrx_word' id='word_1_191' title='bbox 2343 2279 2437 2363; x_wconf 65' lang='lat' dir='ltr'><strong>giaf</strong></span> <span class='ocrx_word' id='word_1_192' title='bbox 2495 2280 2576 2346; x_wconf 90' lang='lat' dir='ltr'><strong>ad</strong></span> 
     </span>
     <span class='ocr_line' id='line_1_23' title="bbox 221 2376 2575 2471; baseline -0.001 -26"><span class='ocrx_word' id='word_1_193' title='bbox 221 2377 597 2467; x_wconf 66' lang='lat' dir='ltr'><strong>Aeschylum</strong></span> <span class='ocrx_word' id='word_1_194' title='bbox 638 2381 1095 2463; x_wconf 72' lang='lat' dir='ltr'><strong>transferentiS,</strong></span> <span class='ocrx_word' id='word_1_195' title='bbox 1145 2383 1378 2471; x_wconf 84' lang='lat' dir='ltr'><strong>quippe</strong></span> <span class='ocrx_word' id='word_1_196' title='bbox 1434 2380 1544 2470; x_wconf 90' lang='lat' dir='ltr'><strong>qui</strong></span> <span class='ocrx_word' id='word_1_197' title='bbox 1594 2402 1732 2448; x_wconf 88' lang='lat' dir='ltr'><strong>eam</strong></span> <span class='ocrx_word' id='word_1_198' title='bbox 1783 2379 1849 2445; x_wconf 93' lang='lat' dir='ltr'><strong>in</strong></span> <span class='ocrx_word' id='word_1_199' title='bbox 1901 2378 2122 2446; x_wconf 83' lang='lat' dir='ltr'><strong>fabulis</strong></span> <span class='ocrx_word' id='word_1_200' title='bbox 2174 2378 2305 2444; x_wconf 88' lang='lat' dir='ltr'><strong>suis</strong></span> <span class='ocrx_word' id='word_1_201' title='bbox 2354 2376 2575 2464; x_wconf 87' lang='lat' dir='ltr'><strong>agendi</strong></span> 
     </span>
     <span class='ocr_line' id='line_1_24' title="bbox 224 2475 2575 2564; baseline -0 -24"><span class='ocrx_word' id='word_1_202' title='bbox 224 2483 292 2541; x_wconf 89' lang='lat' dir='ltr'><strong>et</strong></span> <span class='ocrx_word' id='word_1_203' title='bbox 329 2477 607 2557; x_wconf 85' lang='lat' dir='ltr'><strong>patiendi</strong></span> <span class='ocrx_word' id='word_1_204' title='bbox 647 2480 1068 2546; x_wconf 89' lang='lat' dir='ltr'><strong>conditionem</strong></span> <span class='ocrx_word' id='word_1_205' title='bbox 1098 2480 1515 2564; x_wconf 86' lang='lat' dir='ltr'><strong>descripserit,</strong></span> <span class='ocrx_word' id='word_1_206' title='bbox 1555 2487 1629 2545; x_wconf 93' lang='lat' dir='ltr'><strong>ut</strong></span> <span class='ocrx_word' id='word_1_207' title='bbox 1667 2485 1799 2543; x_wconf 87' lang='lat' dir='ltr'><strong>tota</strong></span> <span class='ocrx_word' id='word_1_208' title='bbox 1835 2476 1956 2543; x_wconf 85' lang='lat' dir='ltr'><strong>vita</strong></span> <span class='ocrx_word' id='word_1_209' title='bbox 1986 2475 2279 2540; x_wconf 90' lang='lat' dir='ltr'><strong>continua</strong></span> <span class='ocrx_word' id='word_1_210' title='bbox 2308 2475 2575 2561; x_wconf 87' lang='lat' dir='ltr'><strong>quadam</strong></span> 
     </span>
     <span class='ocr_line' id='line_1_25' title="bbox 225 2570 2575 2658; baseline -0 -21"><span class='ocrx_word' id='word_1_211' title='bbox 225 2574 449 2657; x_wconf 89' lang='lat' dir='ltr'><strong>agendi</strong></span> <span class='ocrx_word' id='word_1_212' title='bbox 512 2583 579 2639; x_wconf 90' lang='lat' dir='ltr'><strong>et</strong></span> <span class='ocrx_word' id='word_1_213' title='bbox 635 2576 915 2657; x_wconf 87' lang='lat' dir='ltr'><strong>patiendi</strong></span> <span class='ocrx_word' id='word_1_214' title='bbox 976 2576 1136 2641; x_wconf 89' lang='lat' dir='ltr'><strong>serie</strong></span> <span class='ocrx_word' id='word_1_215' title='bbox 1195 2576 1478 2642; x_wconf 85' lang='lat' dir='ltr'><strong>videatur</strong></span> <span class='ocrx_word' id='word_1_216' title='bbox 1528 2581 1837 2639; x_wconf 85' lang='lat' dir='ltr'><strong>constare.</strong></span> <span class='ocrx_word' id='word_1_217' title='bbox 1926 2577 2012 2638; x_wconf 84' lang='lat' dir='ltr'><strong>At</strong></span> <span class='ocrx_word' id='word_1_218' title='bbox 2062 2578 2297 2658; x_wconf 89' lang='lat' dir='ltr'><strong>quanto</strong></span> <span class='ocrx_word' id='word_1_219' title='bbox 2353 2570 2575 2637; x_wconf 88' lang='lat' dir='ltr'><strong>melius</strong></span> 
     </span>
     <span class='ocr_line' id='line_1_26' title="bbox 225 2667 2575 2757; baseline 0 -24"><span class='ocrx_word' id='word_1_220' title='bbox 225 2669 597 2756; x_wconf 81' lang='lat' dir='ltr'><strong>Aeschylus!</strong></span> <span class='ocrx_word' id='word_1_221' title='bbox 640 2672 945 2737; x_wconf 89' lang='lat' dir='ltr'><strong>Videlicet</strong></span> <span class='ocrx_word' id='word_1_222' title='bbox 981 2679 1058 2737; x_wconf 91' lang='lat' dir='ltr'><strong>ut</strong></span> <span class='ocrx_word' id='word_1_223' title='bbox 1097 2692 1175 2736; x_wconf 91' lang='lat' dir='ltr'><strong>ne</strong></span> <span class='ocrx_word' id='word_1_224' title='bbox 1215 2692 1421 2753; x_wconf 88' lang='lat' dir='ltr'><strong>poena</strong></span> <span class='ocrx_word' id='word_1_225' title='bbox 1461 2678 1813 2757; x_wconf 89' lang='lat' dir='ltr'><strong>peccatum,</strong></span> <span class='ocrx_word' id='word_1_226' title='bbox 1861 2669 2098 2735; x_wconf 89' lang='lat' dir='ltr'><strong>crimen</strong></span> <span class='ocrx_word' id='word_1_227' title='bbox 2149 2668 2215 2733; x_wconf 89' lang='lat' dir='ltr'><strong>in</strong></span> <span class='ocrx_word' id='word_1_228' title='bbox 2264 2667 2575 2734; x_wconf 85' lang='lat' dir='ltr'><strong>infinitum</strong></span> 
     </span>
     <span class='ocr_line' id='line_1_27' title="bbox 226 2764 2576 2857; baseline -0 -26"><span class='ocrx_word' id='word_1_229' title='bbox 226 2765 463 2833; x_wconf 87' lang='lat' dir='ltr'><strong>crimen</strong></span> <span class='ocrx_word' id='word_1_230' title='bbox 503 2768 786 2836; x_wconf 83' lang='lat' dir='ltr'><strong>videatur</strong></span> <span class='ocrx_word' id='word_1_231' title='bbox 812 2769 1135 2857; x_wconf 84' lang='lat' dir='ltr'><strong>subsequi,</strong></span> <span class='ocrx_word' id='word_1_232' title='bbox 1177 2769 1241 2834; x_wconf 90' lang='lat' dir='ltr'><strong>id</strong></span> <span class='ocrx_word' id='word_1_233' title='bbox 1284 2778 1426 2835; x_wconf 90' lang='lat' dir='ltr'><strong>ante</strong></span> <span class='ocrx_word' id='word_1_234' title='bbox 1457 2768 1669 2835; x_wconf 90' lang='lat' dir='ltr'><strong>omnia</strong></span> <span class='ocrx_word' id='word_1_235' title='bbox 1710 2767 1854 2853; x_wconf 89' lang='lat' dir='ltr'><strong>egit,</strong></span> <span class='ocrx_word' id='word_1_236' title='bbox 1896 2766 1961 2831; x_wconf 89' lang='lat' dir='ltr'><strong>in</strong></span> <span class='ocrx_word' id='word_1_237' title='bbox 2005 2787 2083 2831; x_wconf 91' lang='lat' dir='ltr'><strong>eo</strong></span> <span class='ocrx_word' id='word_1_238' title='bbox 2125 2785 2225 2830; x_wconf 89' lang='lat' dir='ltr'><strong>ars</strong></span> <span class='ocrx_word' id='word_1_239' title='bbox 2270 2764 2405 2851; x_wconf 87' lang='lat' dir='ltr'><strong>ejus</strong></span> <span class='ocrx_word' id='word_1_240' title='bbox 2444 2772 2576 2830; x_wconf 87' lang='lat' dir='ltr'><strong>tota</strong></span> 
     </span>
     <span class='ocr_line' id='line_1_28' title="bbox 226 2861 2578 2944; baseline -0.002 -15"><span class='ocrx_word' id='word_1_241' title='bbox 226 2872 527 2932; x_wconf 81' lang='lat' dir='ltr'><strong>versatur.</strong></span> <span class='ocrx_word' id='word_1_242' title='bbox 608 2867 824 2932; x_wconf 87' lang='lat' dir='ltr'><strong>Rebus</strong></span> <span class='ocrx_word' id='word_1_243' title='bbox 865 2866 1113 2932; x_wconf 86' lang='lat' dir='ltr'><strong>afflictis</strong></span> <span class='ocrx_word' id='word_1_244' title='bbox 1156 2866 1434 2944; x_wconf 89' lang='lat' dir='ltr'><strong>modum,</strong></span> <span class='ocrx_word' id='word_1_245' title='bbox 1473 2864 1741 2931; x_wconf 89' lang='lat' dir='ltr'><strong>turbatis</strong></span> <span class='ocrx_word' id='word_1_246' title='bbox 1783 2862 2063 2928; x_wconf 88' lang='lat' dir='ltr'><strong>ordinem</strong></span> <span class='ocrx_word' id='word_1_247' title='bbox 2105 2861 2370 2939; x_wconf 88' lang='lat' dir='ltr'><strong>addidit,</strong></span> <span class='ocrx_word' id='word_1_248' title='bbox 2411 2861 2578 2926; x_wconf 86' lang='lat' dir='ltr'><strong>bello</strong></span> 
     </span>
     <span class='ocr_line' id='line_1_29' title="bbox 226 2956 2577 3046; baseline -0.001 -21"><span class='ocrx_word' id='word_1_249' title='bbox 226 2980 474 3046; x_wconf 87' lang='lat' dir='ltr'><strong>pacem,</strong></span> <span class='ocrx_word' id='word_1_250' title='bbox 526 2962 746 3043; x_wconf 85' lang='lat' dir='ltr'><strong>culpae</strong></span> <span class='ocrx_word' id='word_1_251' title='bbox 788 2962 1029 3028; x_wconf 84' lang='lat' dir='ltr'><strong>veniam</strong></span> <span class='ocrx_word' id='word_1_252' title='bbox 1070 2962 1334 3043; x_wconf 85' lang='lat' dir='ltr'><strong>paravit,</strong></span> <span class='ocrx_word' id='word_1_253' title='bbox 1386 2962 1463 3027; x_wconf 90' lang='lat' dir='ltr'><strong>ab</strong></span> <span class='ocrx_word' id='word_1_254' title='bbox 1507 2961 1654 3026; x_wconf 92' lang='lat' dir='ltr'><strong>odio</strong></span> <span class='ocrx_word' id='word_1_255' title='bbox 1696 2958 1968 3045; x_wconf 90' lang='lat' dir='ltr'><strong>denique</strong></span> <span class='ocrx_word' id='word_1_256' title='bbox 2020 2956 2097 3022; x_wconf 89' lang='lat' dir='ltr'><strong>ad</strong></span> <span class='ocrx_word' id='word_1_257' title='bbox 2140 2978 2448 3035; x_wconf 89' lang='lat' dir='ltr'><strong>amorem,</strong></span> <span class='ocrx_word' id='word_1_258' title='bbox 2499 2958 2577 3022; x_wconf 90' lang='lat' dir='ltr'><strong>ab</strong></span> 
     </span>
     <span class='ocr_line' id='line_1_30' title="bbox 228 3053 2578 3143; baseline -0 -23"><span class='ocrx_word' id='word_1_259' title='bbox 228 3056 319 3120; x_wconf 89' lang='lat' dir='ltr'><strong>ira</strong></span> <span class='ocrx_word' id='word_1_260' title='bbox 361 3056 438 3121; x_wconf 90' lang='lat' dir='ltr'><strong>ad</strong></span> <span class='ocrx_word' id='word_1_261' title='bbox 482 3057 737 3143; x_wconf 84' lang='lat' dir='ltr'><strong>gratiam</strong></span> <span class='ocrx_word' id='word_1_262' title='bbox 782 3079 911 3123; x_wconf 89' lang='lat' dir='ltr'><strong>rem</strong></span> <span class='ocrx_word' id='word_1_263' title='bbox 954 3057 1229 3123; x_wconf 85' lang='lat' dir='ltr'><strong>deduxit.</strong></span> <span class='ocrx_word' id='word_1_264' title='bbox 1316 3057 1429 3124; x_wconf 89' lang='lat' dir='ltr'><strong>Ubi</strong></span> <span class='ocrx_word' id='word_1_265' title='bbox 1473 3066 1596 3136; x_wconf 87' lang='lat' dir='ltr'><strong>est,</strong></span> <span class='ocrx_word' id='word_1_266' title='bbox 1639 3056 1807 3122; x_wconf 89' lang='lat' dir='ltr'><strong>dicas</strong></span> <span class='ocrx_word' id='word_1_267' title='bbox 1851 3076 2107 3143; x_wconf 84' lang='lat' dir='ltr'><strong>quaese,</strong></span> <span class='ocrx_word' id='word_1_268' title='bbox 2160 3053 2434 3139; x_wconf 88' lang='lat' dir='ltr'><strong>tragicus</strong></span> <span class='ocrx_word' id='word_1_269' title='bbox 2475 3053 2578 3119; x_wconf 89' lang='lat' dir='ltr'><strong>ille</strong></span> 
     </span>
     <span class='ocr_line' id='line_1_31' title="bbox 228 3151 2578 3241; baseline -0.001 -24"><span class='ocrx_word' id='word_1_270' title='bbox 228 3153 613 3232; x_wconf 89' lang='lat' dir='ltr'><strong>Heraclitus,</strong></span> <span class='ocrx_word' id='word_1_271' title='bbox 675 3154 795 3220; x_wconf 90' lang='lat' dir='ltr'><strong>nisi</strong></span> <span class='ocrx_word' id='word_1_272' title='bbox 850 3155 1009 3221; x_wconf 82' lang='lat' dir='ltr'><strong>forte</strong></span> <span class='ocrx_word' id='word_1_273' title='bbox 1062 3155 1256 3221; x_wconf 88' lang='lat' dir='ltr'><strong>ssuere</strong></span> <span class='ocrx_word' id='word_1_274' title='bbox 1316 3162 1381 3220; x_wconf 91' lang='lat' dir='ltr'><strong>et</strong></span> <span class='ocrx_word' id='word_1_275' title='bbox 1430 3154 1495 3219; x_wconf 92' lang='lat' dir='ltr'><strong>in</strong></span> <span class='ocrx_word' id='word_1_276' title='bbox 1544 3153 1883 3241; x_wconf 88' lang='lat' dir='ltr'><strong>perniciem</strong></span> <span class='ocrx_word' id='word_1_277' title='bbox 1936 3151 2089 3217; x_wconf 87' lang='lat' dir='ltr'><strong>dicis</strong></span> <span class='ocrx_word' id='word_1_278' title='bbox 2143 3151 2352 3216; x_wconf 87' lang='lat' dir='ltr'><strong>omnia</strong></span> <span class='ocrx_word' id='word_1_279' title='bbox 2394 3171 2578 3215; x_wconf 90' lang='lat' dir='ltr'><strong>ruere</strong></span> 
     </span>
     <span class='ocr_line' id='line_1_32' title="bbox 230 3246 2579 3335; baseline -0.002 -20"><span class='ocrx_word' id='word_1_280' title='bbox 230 3249 400 3335; x_wconf 88' lang='lat' dir='ltr'><strong>quod</strong></span> <span class='ocrx_word' id='word_1_281' title='bbox 445 3250 782 3315; x_wconf 89' lang='lat' dir='ltr'><strong>sceleribus</strong></span> <span class='ocrx_word' id='word_1_282' title='bbox 821 3251 1258 3334; x_wconf 87' lang='lat' dir='ltr'><strong>Pelopidarum</strong></span> <span class='ocrx_word' id='word_1_283' title='bbox 1300 3252 1440 3317; x_wconf 86' lang='lat' dir='ltr'><strong>finis</strong></span> <span class='ocrx_word' id='word_1_284' title='bbox 1493 3251 1555 3316; x_wconf 90' lang='lat' dir='ltr'><strong>in</strong></span> <span class='ocrx_word' id='word_1_285' title='bbox 1597 3249 2049 3316; x_wconf 87' lang='lat' dir='ltr'><strong>Eumenidibus</strong></span> <span class='ocrx_word' id='word_1_286' title='bbox 2100 3254 2163 3311; x_wconf 89' lang='lat' dir='ltr'><strong>et</strong></span> <span class='ocrx_word' id='word_1_287' title='bbox 2201 3246 2376 3313; x_wconf 84' lang='lat' dir='ltr'><strong>venia</strong></span> <span class='ocrx_word' id='word_1_288' title='bbox 2419 3267 2579 3311; x_wconf 81' lang='lat' dir='ltr'><strong>con-</strong></span> 
     </span>
     <span class='ocr_line' id='line_1_33' title="bbox 230 3342 2578 3434; baseline -0.001 -24"><span class='ocrx_word' id='word_1_289' title='bbox 230 3345 503 3413; x_wconf 86' lang='lat' dir='ltr'><strong>cedatur.</strong></span> <span class='ocrx_word' id='word_1_290' title='bbox 586 3346 741 3413; x_wconf 88' lang='lat' dir='ltr'><strong>Mihi</strong></span> <span class='ocrx_word' id='word_1_291' title='bbox 785 3355 978 3426; x_wconf 87' lang='lat' dir='ltr'><strong>certe,</strong></span> <span class='ocrx_word' id='word_1_292' title='bbox 1021 3356 1095 3413; x_wconf 89' lang='lat' dir='ltr'><strong>ut</strong></span> <span class='ocrx_word' id='word_1_293' title='bbox 1124 3348 1252 3434; x_wconf 85' lang='lat' dir='ltr'><strong>jam</strong></span> <span class='ocrx_word' id='word_1_294' title='bbox 1290 3348 1589 3427; x_wconf 86' lang='lat' dir='ltr'><strong>indicavi,</strong></span> <span class='ocrx_word' id='word_1_295' title='bbox 1641 3346 1984 3433; x_wconf 87' lang='lat' dir='ltr'><strong>Aeschylus</strong></span> <span class='ocrx_word' id='word_1_296' title='bbox 2026 3365 2152 3409; x_wconf 92' lang='lat' dir='ltr'><strong>non</strong></span> <span class='ocrx_word' id='word_1_297' title='bbox 2193 3342 2578 3409; x_wconf 83' lang='lat' dir='ltr'><strong>Heraclitum</strong></span> 
     </span>
     <span class='ocr_line' id='line_1_34' title="bbox 232 3440 2581 3531; baseline -0.002 -23"><span class='ocrx_word' id='word_1_298' title='bbox 232 3443 452 3522; x_wconf 89' lang='lat' dir='ltr'><strong>modo,</strong></span> <span class='ocrx_word' id='word_1_299' title='bbox 495 3464 683 3531; x_wconf 86' lang='lat' dir='ltr'><strong>quem</strong></span> <span class='ocrx_word' id='word_1_300' title='bbox 727 3443 972 3529; x_wconf 88' lang='lat' dir='ltr'><strong>epicum</strong></span> <span class='ocrx_word' id='word_1_301' title='bbox 1015 3444 1276 3510; x_wconf 82' lang='lat' dir='ltr'><strong>dixerim</strong></span> <span class='ocrx_word' id='word_1_302' title='bbox 1318 3443 1792 3530; x_wconf 89' lang='lat' dir='ltr'><strong>philosophum,</strong></span> <span class='ocrx_word' id='word_1_303' title='bbox 1836 3462 2195 3528; x_wconf 88' lang='lat' dir='ltr'><strong>superasse,</strong></span> <span class='ocrx_word' id='word_1_304' title='bbox 2238 3440 2349 3505; x_wconf 86' lang='lat' dir='ltr'><strong>sed</strong></span> <span class='ocrx_word' id='word_1_305' title='bbox 2388 3475 2470 3488; x_wconf 93' lang='lat'><strong>·--</strong></span> <span class='ocrx_word' id='word_1_306' title='bbox 2508 3445 2581 3506; x_wconf 92' lang='lat' dir='ltr'><strong>ut</strong></span> 
     </span>
     <span class='ocr_line' id='line_1_35' title="bbox 229 3536 2578 3628; baseline -0.003 -23"><span class='ocrx_word' id='word_1_307' title='bbox 229 3548 421 3621; x_wconf 71' lang='lat' dir='ltr'><strong>poeta</strong></span> <span class='ocrx_word' id='word_1_308' title='bbox 463 3541 714 3628; x_wconf 89' lang='lat' dir='ltr'><strong>quidem</strong></span> <span class='ocrx_word' id='word_1_309' title='bbox 756 3577 834 3591; x_wconf 89' lang='lat'><em>-</em></span> <span class='ocrx_word' id='word_1_310' title='bbox 875 3540 1237 3606; x_wconf 87' lang='lat' dir='ltr'><strong>hodiernam</strong></span> <span class='ocrx_word' id='word_1_311' title='bbox 1264 3549 1544 3607; x_wconf 88' lang='lat' dir='ltr'><strong>nostram</strong></span> <span class='ocrx_word' id='word_1_312' title='bbox 1589 3539 2041 3624; x_wconf 82' lang='lat' dir='ltr'><strong>philosophiam</strong></span> <span class='ocrx_word' id='word_1_313' title='bbox 2084 3536 2359 3621; x_wconf 83' lang='lat' dir='ltr'><strong>attigisse</strong></span> <span class='ocrx_word' id='word_1_314' title='bbox 2399 3536 2578 3603; x_wconf 77' lang='lat' dir='ltr'><strong>vide—</strong></span> 
     </span>
     <span class='ocr_line' id='line_1_36' title="bbox 231 3637 1729 3726; baseline 0.002 -26"><span class='ocrx_word' id='word_1_315' title='bbox 231 3644 354 3702; x_wconf 82' lang='lat' dir='ltr'><strong>tur.</strong></span> <span class='ocrx_word' id='word_1_316' title='bbox 394 3675 472 3686; x_wconf 88' lang='lat'><strong>·—-</strong></span> <span class='ocrx_word' id='word_1_317' title='bbox 516 3638 641 3705; x_wconf 90' lang='lat' dir='ltr'><strong>Sed</strong></span> <span class='ocrx_word' id='word_1_318' title='bbox 677 3638 805 3725; x_wconf 85' lang='lat' dir='ltr'><strong>jam</strong></span> <span class='ocrx_word' id='word_1_319' title='bbox 849 3638 998 3703; x_wconf 88' lang='lat' dir='ltr'><strong>satis</strong></span> <span class='ocrx_word' id='word_1_320' title='bbox 1040 3638 1118 3702; x_wconf 89' lang='lat' dir='ltr'><strong>de</strong></span> <span class='ocrx_word' id='word_1_321' title='bbox 1159 3637 1606 3726; x_wconf 87' lang='lat' dir='ltr'><strong>Droysenio.</strong></span> <span class='ocrx_word' id='word_1_322' title='bbox 1646 3673 1729 3684; x_wconf 91' lang='lat'><strong>·--</strong></span> 
     </span>
    </p>

    <p class='ocr_par' dir='ltr' id='par_1_4' title="bbox 236 3729 2581 4113">
     <span class='ocr_line' id='line_1_37' title="bbox 394 3729 2578 3819; baseline -0.002 -19"><span class='ocrx_word' id='word_1_323' title='bbox 394 3733 849 3802; x_wconf 89' lang='lat' dir='ltr'><strong>Schoellium</strong></span> <span class='ocrx_word' id='word_1_324' title='bbox 891 3742 1215 3818; x_wconf 89' lang='lat' dir='ltr'><strong>praeterea</strong></span> <span class='ocrx_word' id='word_1_325' title='bbox 1254 3756 1408 3817; x_wconf 85' lang='lat' dir='ltr'><strong>prae</strong></span> <span class='ocrx_word' id='word_1_326' title='bbox 1450 3731 1902 3819; x_wconf 88' lang='lat' dir='ltr'><strong>Schlegelii,</strong></span> <span class='ocrx_word' id='word_1_327' title='bbox 1946 3729 2277 3797; x_wconf 89' lang='lat' dir='ltr'><strong>Genellii</strong></span> <span class='ocrx_word' id='word_1_328' title='bbox 2319 3738 2578 3795; x_wconf 83' lang='lat' dir='ltr'><strong>santen-</strong></span> 
     </span>
     <span class='ocr_line' id='line_1_38' title="bbox 236 3826 2580 3917; baseline -0.001 -23"><span class='ocrx_word' id='word_1_329' title='bbox 236 3829 384 3895; x_wconf 89' lang='lat' dir='ltr'><strong>tiam</strong></span> <span class='ocrx_word' id='word_1_330' title='bbox 428 3830 809 3910; x_wconf 88' lang='lat' dir='ltr'><strong>laudantem,</strong></span> <span class='ocrx_word' id='word_1_331' title='bbox 861 3840 1165 3898; x_wconf 80' lang='lat' dir='ltr'><strong>ceterum·</strong></span> <span class='ocrx_word' id='word_1_332' title='bbox 1189 3832 1266 3897; x_wconf 89' lang='lat' dir='ltr'><strong>de</strong></span> <span class='ocrx_word' id='word_1_333' title='bbox 1315 3852 1461 3897; x_wconf 85' lang='lat' dir='ltr'><strong>vero</strong></span> <span class='ocrx_word' id='word_1_334' title='bbox 1503 3829 1791 3917; x_wconf 87' lang='lat' dir='ltr'><strong>Aeschyli</strong></span> <span class='ocrx_word' id='word_1_335' title='bbox 1841 3827 2413 3914; x_wconf 87' lang='lat' dir='ltr'><strong>componendarum</strong></span> <span class='ocrx_word' id='word_1_336' title='bbox 2461 3826 2580 3892; x_wconf 88' lang='lat' dir='ltr'><strong>tri-</strong></span> 
     </span>
     <span class='ocr_line' id='line_1_39' title="bbox 236 3922 2581 4012; baseline -0.001 -20"><span class='ocrx_word' id='word_1_337' title='bbox 236 3926 535 4012; x_wconf 86' lang='lat' dir='ltr'><strong>lcgiarum</strong></span> <span class='ocrx_word' id='word_1_338' title='bbox 590 3929 850 3996; x_wconf 90' lang='lat' dir='ltr'><strong>consilio</strong></span> <span class='ocrx_word' id='word_1_339' title='bbox 899 3929 1297 3997; x_wconf 86' lang='lat' dir='ltr'><strong>vehementer</strong></span> <span class='ocrx_word' id='word_1_340' title='bbox 1345 3925 1734 3992; x_wconf 87' lang='lat' dir='ltr'><strong>dubitantem</strong></span> <span class='ocrx_word' id='word_1_341' title='bbox 1786 3945 1902 3989; x_wconf 88' lang='lat' dir='ltr'><strong>nec</strong></span> <span class='ocrx_word' id='word_1_342' title='bbox 1958 3922 2111 3990; x_wconf 87' lang='lat' dir='ltr'><strong>certi</strong></span> <span class='ocrx_word' id='word_1_343' title='bbox 2162 3924 2313 4012; x_wconf 90' lang='lat' dir='ltr'><strong>quid</strong></span> <span class='ocrx_word' id='word_1_344' title='bbox 2366 3924 2581 4008; x_wconf 87' lang='lat' dir='ltr'><strong>prose-</strong></span> 
     </span>
     <span class='ocr_line' id='line_1_40' title="bbox 236 4024 1251 4113; baseline 0.001 -25"><span class='ocrx_word' id='word_1_345' title='bbox 236 4031 473 4089; x_wconf 89' lang='lat' dir='ltr'><strong>rentem</strong></span> <span class='ocrx_word' id='word_1_346' title='bbox 516 4024 817 4092; x_wconf 88' lang='lat' dir='ltr'><strong>habemus</strong></span> <span class='ocrx_word' id='word_1_347' title='bbox 860 4026 940 4113; x_wconf 91' lang='lat' dir='ltr'><strong>(p.</strong></span> <span class='ocrx_word' id='word_1_348' title='bbox 980 4030 1077 4092; x_wconf 80' lang='lat'><strong>24.</strong></span> <span class='ocrx_word' id='word_1_349' title='bbox 1121 4026 1251 4113; x_wconf 89' lang='lat' dir='ltr'><strong>sq.).</strong></span> 
     </span>
    </p>

    <p class='ocr_par' dir='ltr' id='par_1_5' title="bbox 238 4119 2582 4403">
     <span class='ocr_line' id='line_1_41' title="bbox 394 4119 2580 4208; baseline -0.003 -18"><span class='ocrx_word' id='word_1_350' title='bbox 394 4123 523 4190; x_wconf 90' lang='lat' dir='ltr'><strong>Nos</strong></span> <span class='ocrx_word' id='word_1_351' title='bbox 567 4144 713 4190; x_wconf 87' lang='lat' dir='ltr'><strong>vero</strong></span> <span class='ocrx_word' id='word_1_352' title='bbox 757 4122 1170 4208; x_wconf 91' lang='lat' dir='ltr'><strong>Schlegelii</strong></span> <span class='ocrx_word' id='word_1_353' title='bbox 1216 4120 1585 4188; x_wconf 87' lang='lat' dir='ltr'><strong>sententiam</strong></span> <span class='ocrx_word' id='word_1_354' title='bbox 1629 4120 1908 4202; x_wconf 84' lang='lat' dir='ltr'><strong>proxime</strong></span> <span class='ocrx_word' id='word_1_355' title='bbox 1956 4119 2195 4186; x_wconf 84' lang='lat' dir='ltr'><strong>veritati</strong></span> <span class='ocrx_word' id='word_1_356' title='bbox 2236 4119 2580 4185; x_wconf 88' lang='lat' dir='ltr'><strong>accessisse</strong></span> 
     </span>
     <span class='ocr_line' id='line_1_42' title="bbox 239 4215 2580 4306; baseline -0.001 -23"><span class='ocrx_word' id='word_1_357' title='bbox 239 4240 312 4283; x_wconf 87' lang='lat' dir='ltr'><strong>ea</strong></span> <span class='ocrx_word' id='word_1_358' title='bbox 346 4218 475 4305; x_wconf 81' lang='lat' dir='ltr'><strong>jam</strong></span> <span class='ocrx_word' id='word_1_359' title='bbox 528 4219 794 4302; x_wconf 81' lang='lat' dir='ltr'><strong>professi</strong></span> <span class='ocrx_word' id='word_1_360' title='bbox 847 4240 1065 4285; x_wconf 88' lang='lat' dir='ltr'><strong>sumus</strong></span> <span class='ocrx_word' id='word_1_361' title='bbox 1115 4241 1302 4306; x_wconf 88' lang='lat' dir='ltr'><strong>quam</strong></span> <span class='ocrx_word' id='word_1_362' title='bbox 1347 4238 1533 4305; x_wconf 87' lang='lat' dir='ltr'><strong>supra</strong></span> <span class='ocrx_word' id='word_1_363' title='bbox 1585 4217 1662 4283; x_wconf 89' lang='lat' dir='ltr'><strong>ab</strong></span> <span class='ocrx_word' id='word_1_364' title='bbox 1713 4217 1888 4304; x_wconf 88' lang='lat' dir='ltr'><strong>epica</strong></span> <span class='ocrx_word' id='word_1_365' title='bbox 1930 4215 2139 4304; x_wconf 71' lang='lat' dir='ltr'><strong>poesis</strong></span> <span class='ocrx_word' id='word_1_366' title='bbox 2181 4216 2378 4282; x_wconf 82' lang='lat' dir='ltr'><strong>forma</strong></span> <span class='ocrx_word' id='word_1_367' title='bbox 2419 4215 2580 4281; x_wconf 88' lang='lat' dir='ltr'><strong>inci-</strong></span> 
     </span>
     <span class='ocr_line' id='line_1_43' title="bbox 238 4313 2582 4403; baseline -0.001 -24"><span class='ocrx_word' id='word_1_368' title='bbox 238 4314 479 4400; x_wconf 89' lang='lat' dir='ltr'><strong>pientes</strong></span> <span class='ocrx_word' id='word_1_369' title='bbox 529 4317 814 4384; x_wconf 87' lang='lat' dir='ltr'><strong>dedimus</strong></span> <span class='ocrx_word' id='word_1_370' title='bbox 862 4315 1177 4401; x_wconf 88' lang='lat' dir='ltr'><strong>trilogicae</strong></span> <span class='ocrx_word' id='word_1_371' title='bbox 1228 4317 1315 4382; x_wconf 89' lang='lat' dir='ltr'><strong>rei</strong></span> <span class='ocrx_word' id='word_1_372' title='bbox 1366 4315 1860 4403; x_wconf 85' lang='lat' dir='ltr'><strong>explicationem.</strong></span> <span class='ocrx_word' id='word_1_373' title='bbox 1954 4314 2285 4398; x_wconf 90' lang='lat' dir='ltr'><strong>Superest,</strong></span> <span class='ocrx_word' id='word_1_374' title='bbox 2344 4321 2417 4379; x_wconf 91' lang='lat' dir='ltr'><strong>ut</strong></span> <span class='ocrx_word' id='word_1_375' title='bbox 2467 4313 2582 4377; x_wconf 90' lang='lat' dir='ltr'><strong>hac</strong></span> 
     </span>
    </p>
   </div>
   <div class='ocr_carea' id='block_1_3' title="bbox 243 4449 666 4466">
    <p class='ocr_par' dir='ltr' id='par_1_6' title="bbox 243 4449 666 4466">
     <span class='ocr_line' id='line_1_44' title="bbox 243 4449 666 4466; baseline 0 403"><span class='ocrx_word' id='word_1_376' title='bbox 243 4449 666 4466; x_wconf 95' lang='lat' dir='ltr'><strong> </strong></span> 
     </span>
    </p>
   </div>
   <div class='ocr_carea' id='block_1_4' title="bbox 385 4519 2582 4592">
    <p class='ocr_par' dir='ltr' id='par_1_7' title="bbox 385 4519 2582 4592">
     <span class='ocr_line' id='line_1_45' title="bbox 385 4519 2582 4592; baseline -0.004 -7"><span class='ocrx_word' id='word_1_377' title='bbox 385 4527 442 4585; x_wconf 73' lang='lat' dir='ltr'><strong>’J</strong></span> <span class='ocrx_word' id='word_1_378' title='bbox 482 4534 536 4579; x_wconf 81' lang='lat' dir='ltr'><strong>ln</strong></span> <span class='ocrx_word' id='word_1_379' title='bbox 573 4534 803 4586; x_wconf 75' lang='lat' dir='ltr'><strong>versione</strong></span> <span class='ocrx_word' id='word_1_380' title='bbox 840 4536 1118 4585; x_wconf 77' lang='lat' dir='ltr'><strong>fabularum</strong></span> <span class='ocrx_word' id='word_1_381' title='bbox 1158 4529 1343 4585; x_wconf 71' lang='lat' dir='ltr'><strong>Aescu.</strong></span> <span class='ocrx_word' id='word_1_382' title='bbox 1385 4528 1496 4592; x_wconf 77' lang='lat' dir='ltr'><strong>(ed.</strong></span> <span class='ocrx_word' id='word_1_383' title='bbox 1537 4527 1625 4592; x_wconf 72' lang='lat'><strong>2.)</strong></span> <span class='ocrx_word' id='word_1_384' title='bbox 1661 4542 1777 4591; x_wconf 74' lang='lat' dir='ltr'><strong>pag.</strong></span> <span class='ocrx_word' id='word_1_385' title='bbox 1807 4523 1937 4582; x_wconf 75' lang='lat'><strong>551.</strong></span> <span class='ocrx_word' id='word_1_386' title='bbox 1986 4532 2032 4578; x_wconf 74' lang='lat' dir='ltr'><strong>et</strong></span> <span class='ocrx_word' id='word_1_387' title='bbox 2070 4529 2104 4579; x_wconf 86' lang='grc' dir='ltr'><strong>Ι.</strong></span> <span class='ocrx_word' id='word_1_388' title='bbox 2141 4531 2173 4577; x_wconf 89' lang='grc' dir='ltr'><strong>Ι.</strong></span> <span class='ocrx_word' id='word_1_389' title='bbox 2211 4537 2295 4586; x_wconf 69' lang='grc' dir='ltr'><strong>η.</strong></span> <span class='ocrx_word' id='word_1_390' title='bbox 2334 4520 2454 4578; x_wconf 83' lang='grc'><strong>168.</strong></span> <span class='ocrx_word' id='word_1_391' title='bbox 2495 4519 2582 4577; x_wconf 85' lang='grc'><strong>17.</strong></span> 
     </span>
    </p>
   </div>
  </div>
 </body>
</html>
