2978 4869
1187 229 1274 243 -
1363 192 1627 259 47·-

244 372 427 439 culus
488 375 641 435 erat.
732 369 871 434 Jam
935 365 989 432 si
1049 364 1215 431 illam
1275 384 1433 431 usus
1499 361 1768 428 rorensis
1837 378 1982 426 cum
2041 358 2290 427 Orestis
2351 358 2582 426 iudicio

244 465 771 552 comparationem
820 461 1062 528 ratione
1123 481 1253 526 non
1298 460 1482 546 plane
1530 479 1744 525 carere
1792 457 2106 533 volumus,
2163 475 2424 521 necesse
2470 462 2586 531 est,

240 571 316 628 ut
357 560 805 628 absolventium
847 558 1125 625 iudicum
1152 577 1321 625 unus
1348 557 1529 644 quasi
1557 557 1882 623 Minervae
1912 553 2118 619 locum
2147 552 2399 634 explere
2440 572 2584 616 cre-
2651 620 2666 626 ,

242 659 441 725 datur.
497 656 658 735 Quis
680 655 871 740 igitur
899 654 1530 721 iudicumMinervam
1549 649 2077 737 repraesentabit?
2114 653 2344 715 Annon
2363 670 2585 714 omnes

255 754 437 840 plane
491 751 715 818 eodem
763 750 903 816 loco
951 750 1220 816 habendi
1270 752 1458 817 sunt?
1536 749 1700 815 Sunt
1749 767 1928 821 sane;
1985 767 2114 812 non
2167 745 2281 812 uni
2330 745 2582 812 alterive

241 849 449 916 divina
498 847 604 913 illa
653 845 1082 913 misericordia
1141 854 1207 912 et
1254 847 1459 915 divina
1507 845 1653 910 inde
1702 843 2038 910 auctoritas
2096 841 2285 908 tribui
2333 840 2582 927 poterit.

243 944 341 1011 Sit
379 944 587 1030 igitur,
629 942 861 1030 inquis,
898 964 1093 1029 penes
1121 963 1360 1019 omnes,
1403 949 1530 1007 stet
1557 940 1813 1006 omnino
1851 939 1932 1005 ab
1954 937 2400 1008 absolventium
2428 957 2584 1018 par-

239 1040 406 1107 tibus
447 1040 537 1109 vis
577 1039 682 1105 illa
721 1038 908 1105 divini
948 1037 1160 1106 iudicii
1201 1075 1285 1086 -
1322 1040 1498 1104 Itane
1545 1039 1737 1105 vero?
1788 1036 1912 1102 iam
1962 1034 2148 1121 igitur
2185 1055 2434 1101 mecum
2485 1032 2585 1099 fa-

239 1135 368 1201 cis?
427 1136 628 1201 Adest
674 1157 842 1202 nunc
892 1134 1011 1201 dea
1059 1142 1363 1219 praeter
1403 1134 1650 1222 judices
1698 1133 1870 1211 illos,
1930 1130 2224 1197 accedit
2267 1130 2584 1197 Minervae

240 1233 516 1298 calculus
570 1232 647 1296 ad
689 1231 963 1298 iudicum
1007 1231 1306 1305 calculos;
1357 1252 1628 1318 quorum
1680 1236 1862 1295 antea
1912 1226 2246 1294 auctoritas
2294 1225 2586 1293 adversa-

239 1328 479 1393 riorum
517 1328 953 1393 auctoritatem
980 1326 1308 1411 aequabat,
1350 1346 1425 1390 ea
1465 1347 1634 1391 nunc
1675 1325 1829 1391 deae
1872 1324 2108 1390 calculo
2149 1331 2333 1390 aucta
2370 1322 2584 1390 victrix

241 1423 462 1490 evadit.
544 1424 685 1487 Jam
738 1443 882 1488 cum
930 1420 1171 1491 ratione
1221 1421 1433 1487 omnia
1480 1422 1642 1487 fiunt
1700 1429 1766 1486 et
1810 1421 2153 1507 prudenter
2210 1420 2255 1485 ii
2303 1426 2585 1505 egerunt,

240 1521 352 1606 qui
389 1542 429 1585 a
468 1519 701 1586 iudicio
740 1518 847 1583 illo
887 1519 1092 1604 primo
1143 1518 1207 1584 in
1243 1523 1581 1605 Areopago
1623 1517 1835 1582 habito
1876 1517 2142 1583 forensis
2190 1537 2346 1582 usus
2386 1516 2586 1600 origi-

239 1637 385 1680 nem
423 1615 830 1701 repetierunt.
913 1613 1077 1681 Nihil
1121 1613 1471 1701 pulchrius,
1519 1613 1671 1679 nihil
1724 1613 1928 1679 ‘verius
1974 1611 2308 1697 excogitari
2354 1611 2583 1694 potuit,

240 1719 437 1797 quam
491 1710 731 1777 divinae
793 1710 1255 1775 misericordiae
1316 1711 1523 1773 ideam
1582 1730 1744 1794 quae
1804 1709 1869 1773 in
1923 1708 2169 1775 Orestis
2219 1729 2408 1775 causa
2465 1709 2586 1774 sub

239 1807 438 1892 ipsius
480 1805 633 1871 deae
674 1812 740 1871 et
778 1804 995 1871 calculi
1039 1803 1175 1890 ejus
1217 1803 1424 1889 specie
1464 1804 1728 1882 affuerit,
1777 1804 1842 1868 in
1881 1813 2204 1890 posterum
2244 1805 2429 1870 etiam
2472 1825 2584 1870 ac-

239 1902 470 1969 cusatis
512 1901 742 1967 auxilio
782 1901 1013 1970 venire.
1096 1900 1526 1987 Comprobant
1572 1899 2057 1986 disputationem
2105 1908 2382 1966 nostram
2430 1901 2584 1966 Ari-

238 1998 416 2064 stidis
461 2005 527 2061 et
562 1996 794 2063 Juliani
834 1997 1209 2063 testimonia.
1278 1996 1360 2061 Hi
1403 1996 1570 2061 enim
1611 2017 1774 2083 quos
1814 2017 2003 2082 supra
2041 1995 2313 2062 Muelle
2327 1996 2390 2060 ri
2432 2016 2584 2062 sen-

236 2094 471 2160 tentiae
512 2092 718 2159 favere
759 2093 1056 2171 vidimus,
1104 2093 1291 2158 iidem
1330 2092 1518 2157 etiam
1558 2092 1624 2156 in
1665 2092 2025 2179 explicando
2065 2091 2297 2157 forensi
2343 2112 2468 2157 usu
2506 2094 2586 2157 ad

235 2190 510 2276 primum
553 2188 705 2256 illud
743 2190 1261 2277 Areopagitarum
1303 2188 1601 2254 iudicium
1641 2189 1936 2268 redeunt,
1984 2188 2070 2254 ita
2117 2195 2194 2254 ut
2229 2188 2389 2254 banc
2428 2208 2586 2254 usus

238 2286 504 2352 forensis
524 2285 1100 2370 interpretationem
1123 2306 1266 2351 cum
1288 2284 1534 2351 Orestis
1565 2285 1777 2351 iudicii
1805 2284 2311 2372 interpretatione
2340 2285 2581 2352 Muel-

239 2382 530 2449 leriana
570 2380 915 2448 arctissime
958 2380 1291 2449 cohaerere
1331 2389 1631 2467 appareat
1646 2382 1710 2468 ⁴¹).

402 2479 637 2544 Verum
678 2499 807 2565 quo
847 2500 965 2544 nos
1006 2479 1145 2565 ipsa
1184 2477 1526 2564 disputatio
1567 2477 1740 2555 tulit,
1790 2477 1876 2543 ibi
1918 2498 2085 2543 nunc
2126 2476 2578 2563 aliquantulum

241 2575 434 2641 etiam
482 2595 834 2654 versemur,
884 2574 949 2640 in
998 2574 1362 2661 explicando
1417 2572 1612 2639 totius
1661 2572 1876 2639 iudicii
1927 2573 2092 2639 illius
2145 2593 2357 2640 sensu.
2437 2576 2581 2661 Ipsa

239 2692 361 2749 res,
403 2670 556 2758 quid
593 2669 900 2756 Aeschylo
942 2669 1291 2737 faciendum
1332 2668 1539 2748 fuerit,
1580 2669 1818 2735 doceat.
1844 2706 1928 2717 -
1960 2669 2211 2737 Crimen
2238 2691 2386 2737 vero
2408 2670 2582 2739 Ore-

241 2768 352 2833 stis
391 2766 619 2852 triplici
661 2765 902 2829 ratione
942 2764 1202 2831 iudicari
1244 2764 1466 2849 potuit.
1547 2767 1608 2829 ls
1650 2766 1817 2829 enim
1859 2766 1965 2851 qui
2008 2767 2201 2851 patris
2239 2767 2588 2832 ulciscendi

242 2884 427 2929 causa
449 2869 710 2927 matrem
731 2867 1077 2938 necaverat,
1106 2860 1288 2925 Eum
1306 2859 1665 2925 enidibus
1688 2861 1902 2925 matris
1925 2868 2134 2946 partes
2165 2861 2360 2949 pluris
2389 2883 2578 2949 quam

239 2958 444 3024 mariti
498 2956 969 3024 aestimantibus
1019 2955 1274 3023 maximi
1323 2956 1599 3022 criminis
1650 2955 1960 3022 obnoxius
2008 2977 2137 3022 non
2186 2957 2393 3043 potuit
2450 2980 2578 3025 non

239 3054 452 3121 videri.
554 3055 652 3117 Ab
711 3052 809 3116 his
870 3052 1057 3136 igitur
1122 3054 1574 3120 condemnatus
1632 3060 1698 3118 et
1752 3051 2089 3118 crudeliter
2146 3053 2412 3139 agitatus
2461 3062 2578 3121 est.

239 3149 379 3214 Jam
419 3147 529 3214 ubi
571 3147 651 3213 ad
689 3147 1026 3214 homines
1064 3148 1364 3216 iudicium
1413 3149 1608 3224 venit,
1669 3170 1747 3213 eo
1797 3148 2083 3214 videlicet
2119 3158 2402 3236 tempore
2451 3169 2581 3236 quo

240 3246 518 3311 nondum
554 3244 708 3310 deae
748 3245 1129 3311 voluntatem
1171 3253 1236 3310 et
1272 3245 1441 3330 leges
1484 3243 1739 3309 altiores
1781 3252 2223 3328 cognoverant,
2265 3266 2385 3311 nec
2425 3246 2582 3313 iuris

241 3339 433 3408 civilis
484 3340 821 3426 iudiciique
870 3341 1137 3408 forensis
1185 3340 1370 3422 periti
1421 3347 1626 3418 erant,
1676 3338 1994 3425 aptissime
2043 3341 2283 3409 facinus
2334 3343 2580 3410 Orestis

241 3436 466 3501 eodem
513 3444 697 3521 pacto
747 3436 1144 3503 condemnari
1192 3444 1257 3502 et
1305 3436 1589 3502 excusari
1637 3437 1859 3523 potuit.
1940 3439 2243 3504 Homines
2294 3440 2458 3505 enim
2503 3461 2581 3504 ex

241 3552 393 3597 sana
443 3540 654 3598 mente
708 3539 771 3598 et
819 3532 1214 3618 simplissima
1263 3533 1537 3599 iustitiae
1595 3534 1973 3619 cognitione,
2036 3534 2227 3599 altera
2277 3556 2354 3599 ex
2403 3543 2580 3619 parte

239 3627 411 3692 laesa
459 3627 738 3693 videntes
788 3628 1000 3693 matris
1050 3629 1214 3708 iura,
1277 3637 1531 3695 strenue
1584 3631 1966 3697 observatam
2029 3651 2104 3694 ex
2163 3630 2355 3696 altera
2405 3637 2579 3716 parte

241 3744 387 3808 erga
426 3730 665 3805 patrem
707 3722 1033 3808 pietatem,
1081 3732 1293 3791 utrum
1344 3726 1609 3792 alterum
1660 3727 1958 3813 punirent
2004 3746 2083 3790 an
2134 3726 2396 3791 alterum
2439 3728 2581 3794 lau-

240 3819 462 3884 darent
501 3820 853 3886 discernere
896 3840 1024 3885 non
1064 3826 1421 3905 potuerunt.
1503 3823 1784 3889 Medium
1826 3822 2036 3908 itaque
2077 3821 2242 3887 inter
2267 3822 2486 3890 Furias
2517 3821 2587 3890 'et

382 4083 441 4143 *J
477 4091 830 4140 Duodecimum
867 4097 1113 4142 calculum
1150 4096 1234 4150 qui
1267 4097 1527 4162 minervae
1562 4099 1754 4157 tribuit,
1801 4098 1849 4144 sl
1885 4102 1931 4143 et
1971 4102 2203 4149 constare
2249 4099 2344 4146 eibi
2388 4096 2496 4144 vult
2531 4101 2582 4142 et
2669 4143 2678 4152 ,

242 4173 353 4208 cum
389 4159 582 4205 ratione
617 4171 788 4222 agere,
824 4176 1031 4211 necesse
1069 4170 1164 4226 est,
1202 4171 1254 4213 ut
1293 4171 1373 4213 vel
1410 4181 1507 4214 uno
1548 4170 1740 4215 calculo
1777 4168 2119 4224 superioribus
2156 4166 2579 4215 condemnantium

240 4231 463 4286 partibus
501 4241 533 4276 a
569 4231 884 4279 debilioribus
922 4238 1284 4283 absolventium
1318 4240 1545 4293 partibus
1590 4244 1792 4293 propter
1836 4242 2033 4294 plenum
2067 4237 2434 4286 misericordiae
2472 4239 2578 4283 cal·

222 4304 405 4370 ⁹culum
440 4303 697 4348 Minervae
734 4306 1004 4351 secundum
1056 4307 1150 4353 fori
1194 4309 1336 4362 leges
1381 4314 1605 4364 ereptam
1650 4320 1769 4356 esse
1814 4310 2073 4358 victoriam
2117 4308 2346 4361 acciplat.
2421 4307 2579 4353 necto

241 4374 336 4417 boc
370 4371 615 4418 intellexit
650 4375 1003 4421 Muellerus
1042 4375 1297 4433 (Anhang
1329 4390 1414 4433 pg-
1451 4375 1557 4435 48)
1605 4380 1694 4425 sed
1730 4380 1890 4437 falso,
1935 4381 1985 4425 nl
2022 4379 2194 4435 fallor,
2241 4380 2290 4420 et
2327 4386 2476 4431 quam
2513 4377 2577 4423 sit

239 4442 584 4490 rritzechll
632 4447 696 4491 ab
743 4444 900 4500 ipsine
945 4446 1349 4502 interpretatione
1394 4453 1499 4495 toto
1546 4452 1687 4498 coelo
1725 4451 1942 4509 diversa,
1978 4458 2076 4492 non
2112 4445 2314 4506 videns,
2361 4447 2577 4493 ''titz-

237 4513 416 4559 scblo
453 4515 581 4562 lianc
615 4515 908 4564 sententiam
943 4516 1087 4564 dedit.
