2978 4869
1316 179 1752 250 ...53-

356 361 416 428 vi
458 365 525 425 et
565 356 869 444 gravitati,
918 350 1331 441 magnitudini
1384 363 1449 418 et
1498 359 1864 439 argumento
1906 352 2264 438 tragoediae
2300 352 2423 417 late
2463 349 2702 436 patenti

360 456 737 541 respondere
786 452 1087 520 videatur.
1175 448 1647 534 Philosophicae
1708 448 1894 516 buius
1948 448 2396 533 interpretandi
2446 443 2700 511 rationis

359 551 753 635 Solgerum
795 550 986 615 affero
1027 552 1269 614 testem.
1349 546 1521 613 Deos
1561 544 1661 609 hic
1701 544 1857 610 dixit
1896 543 2125 630 quibus
2164 543 2432 608 maxime
2473 541 2701 609 volun-

358 645 504 711 tatis
561 644 990 731 libertatisque
1049 642 1140 710 vis
1205 640 1598 707 contineatur
1647 662 1684 706 a
1740 647 1925 727 poeta
1988 640 2054 704 in
2112 638 2431 724 tragoedia
2488 642 2704 702 nostra

354 740 462 807 fati
511 733 772 811 vinculis
824 737 1280 806 inevitabilibus
1331 736 1703 803 constrictos
1751 735 2015 801 ostendi.
2105 736 2302 800 Recte
2358 731 2539 810 dixit,
2590 730 2701 797 sed

356 835 620 903 nimium
670 842 1104 920 argumentum
1154 833 1395 901 fabulae
1445 819 1721 918 amplum
1782 837 1847 897 et
1905 830 2195 896 omnibus
2254 827 2536 917 partibus
2598 826 2699 891 di-

354 931 649 999 stinctum
702 929 1010 996 contraxit
1062 937 1125 996 et
1173 931 1250 997 ad
1302 930 1633 997 formulam
1685 926 2023 1006 revocavit,
2086 946 2245 1012 quae
2306 931 2508 992 totum
2570 943 2699 988 non

354 1027 520 1113 capit
550 1026 847 1113 Aeschyli
889 1025 1236 1093 consilium.
2525 1044 2534 1049 ·

518 1120 784 1204 Scripsit
820 1140 968 1189 vero
1007 1120 1086 1186 ad
1126 1122 1611 1189 Welckerum
1654 1120 1891 1187 amicus
1931 1117 2187 1206 quidam
2227 1117 2495 1193 litteras,
2543 1112 2697 1199 qui-

351 1218 472 1284 bus
523 1238 691 1283 eam
707 1216 1042 1302 proposuit
1083 1219 1484 1296 sententiam,
1513 1237 1723 1304 quam
1775 1236 1890 1282 nos
1941 1213 2222 1300 proxime
2262 1211 2341 1278 ad
2380 1209 2699 1277 veritatem

351 1313 647 1379 accedere
701 1311 1221 1397 contendimus.)
1302 1314 1604 1379 Versatur
1654 1314 1707 1378 is
1749 1320 1919 1379 totus
1962 1310 2027 1375 in
2080 1291 2487 1375 describenda
2526 1303 2698 1370 Jovis

300 1446 307 1450 -
350 1416 592 1475 natura.
673 1409 970 1475 Nostrum
1021 1407 1141 1471 erit
1186 1413 1260 1474 ut
1298 1408 1653 1474 Promethei
1704 1407 2090 1475 mentionem
2141 1405 2459 1471 addamus,
2540 1401 2698 1464 Eam

351 1502 520 1579 enim
562 1524 639 1567 ex
679 1501 958 1569 refutatis
999 1502 1331 1590 hucusque
1375 1510 1484 1570 aut
1525 1525 1604 1569 ex
1643 1509 1818 1589 parte
1846 1509 2089 1568 tantum
2116 1500 2396 1584 probatis
2423 1497 2699 1565 virorum

348 1599 677 1665 doctorum
708 1599 1043 1665 sententiis
1081 1620 1290 1666 veram
1332 1621 1474 1666 esse
1516 1597 2093 1685 interpretationem
2146 1597 2378 1681 elucet,
2428 1613 2591 1679 quae
2633 1591 2699 1655 in

350 1694 504 1780 ipsis
544 1695 903 1777 tragoediae
945 1695 1250 1778 personis,
1292 1695 1358 1759 in
1398 1697 1590 1761 rebus
1630 1694 1782 1778 ipsis
1825 1695 1902 1759 ab
1946 1693 2039 1758 eis
2082 1691 2270 1779 gestis
2304 1690 2507 1755 ideam
2537 1694 2699 1773 po'e-

349 1796 453 1854 tae
497 1794 561 1853 et
599 1797 873 1854 mentem
914 1788 1212 1856 inveniat.-
1281 1791 1504 1876 Itaque
1555 1809 1762 1874 neque
1813 1787 1988 1852 aliter
2036 1789 2116 1852 de
2157 1794 2414 1853 naturae
2456 1784 2697 1869 legibus

347 1883 619 1949 libertati
669 1884 910 1950 infestis
950 1884 1292 1993 Aeschylus
1345 1884 1661 1968 cogitavit,
1709 1882 1831 1947 nisi
1880 1882 2087 1970 quoad
2128 1880 2374 1966 Jupiter
2425 1901 2531 1945 eas
2582 1899 2698 1945 sua

347 1979 583 2057 indole,
634 1980 765 2045 suis
807 1981 1108 2059 moribuS,
1150 1980 1280 2046 suis
1320 1979 1595 2090 denique
1648 1980 1825 2045 factis
1865 1978 2102 2056 reddit,
2152 1994 2357 2062 neque
2400 1975 2578 2041 aliter
2617 1974 2696 2040 de

348 2074 631 2140 libertate
672 2082 783 2140 aut
821 2077 903 2141 de
940 2076 999 2143 vi
1040 2075 1346 2155 humanae
1396 2076 1623 2141 mentis
1673 2077 1794 2142 nisi
1836 2076 2045 2165 quoad
2088 2074 2155 2141 in
2195 2070 2577 2138 Prometheo
2620 2091 2695 2135 ea

348 2177 705 2236 cernuntur.
788 2172 915 2238 Sed
956 2193 1074 2237 nec
1113 2179 1247 2241 tota
1275 2172 1446 2239 Jovis
1487 2193 1605 2238 nec
1645 2180 1779 2239 tota
1805 2168 2163 2239 Promethei
2204 2168 2446 2234 indoles
2488 2166 2553 2231 in
2593 2164 2698 2231 illa

349 2273 607 2333 naturae
646 2275 760 2332 aut
800 2267 865 2341 in
905 2267 1022 2331 hac
1064 2267 1370 2332 humanae
1409 2267 1637 2333 mentis
1679 2268 1737 2336 vi
1778 2274 1874 2333 est
1920 2266 2152 2353 posita;
2207 2265 2316 2330 sed
2367 2264 2548 2329 deus
2601 2268 2699 2327 est

345 2360 622 2446 Jupiter,
665 2360 846 2426 deus
887 2361 1331 2442 Prometheus,
1373 2384 1488 2428 nec
1526 2364 1799 2442 libertas,
1839 2363 2154 2441 voluntas,
2206 2358 2509 2445 sapientia
2551 2378 2697 2422 cum
2755 2379 2761 2385 ·

345 2456 404 2523 vi
445 2456 550 2522 illa
590 2449 853 2524 naturae
891 2457 1032 2548 rudi
1072 2465 1140 2524 et
1179 2458 1431 2537 inculta,
1475 2459 1589 2524 sed
1629 2460 1812 2524 deus
1854 2457 2133 2543 sapiens,
2183 2456 2372 2521 immo
2415 2454 2549 2540 ipse
2591 2453 2694 2520 ille

345 2552 757 2619 Prometheus
786 2574 928 2630 cum
968 2552 1107 2619 deo
1147 2561 1421 2672 potente,
1463 2552 1719 2632 crudeli,
1761 2571 1904 2619 cum
1946 2554 2134 2642 ipso
2125 2552 2230 2617 illo
2257 2553 2411 2619 Jove
2438 2555 2695 2635 pugnat.

346 2649 487 2716 Non
537 2655 793 2715 naturae
845 2648 956 2715 sed
1003 2650 1043 2715 J
1053 2671 1211 2716 ovis
1260 2648 1404 2716 vim
1437 2649 1849 2717 Prometheus
1898 2649 2159 2735 patitur,
2209 2667 2350 2716 cum
2398 2649 2574 2713 Jove
2629 2644 2696 2712 in

345 2744 679 2809 amicitiam
720 2744 785 2806 in
846 2744 970 2807 fine
1017 2743 1434 2809 Prometheus
1499 2746 1679 2809 redit.
1769 2748 1887 2810 Est
1933 2746 2019 2811 ita
2067 2751 2140 2810 ut
2191 2744 2440 2830 scripsit
2479 2725 2695 2806 Wel-

345 2838 556 2903 ekeri
611 2838 875 2904 amicus·
937 2837 1002 2902 in
1053 2837 1473 2904 describendis
1522 2838 1694 2906 Jovis
1745 2838 1884 2903 fatis
1944 2859 2058 2925 per
2107 2859 2268 2925 quae
2320 2839 2398 2902 ab
2461 2835 2696 2901 inculta

345 2933 581 3018 ingenii
622 2933 980 3000 conditione
1021 2934 1100 3000 ad
1147 2953 1355 3001 veram
1408 2933 1786 3003 divinitatem
1836 2941 2169 3021 provectus
2220 2940 2344 3013 est,
2391 2939 2524 2999 tota
2573 2931 2696 2996 tri-

345 3029 511 3112 logia
549 3036 848 3095 versatur.
930 3029 1138 3108 Quam
1178 3050 1297 3094 nos
1337 3029 1607 3097 diximus
1649 3051 2003 3118 supremam
2045 3052 2183 3097 esse
2232 3030 2466 3095 formae
2507 3027 2693 3093 trilo-

346 3123 519 3207 gicae
570 3124 651 3188 de
701 3122 1000 3233 religione
1050 3124 1368 3191 victoriam
1417 3143 1556 3192 eam
1598 3126 1699 3191 bic
1739 3134 1881 3191 ante
1923 3127 2141 3192 oculos
2182 3126 2392 3192 habes.
2473 3124 2693 3189 Jovem

344 3217 777 3304 imperfectum
828 3219 1132 3306 primum,
1185 3220 1487 3306 sapientia
1540 3228 1880 3299 carentem,
1929 3219 2262 3306 imperium
2314 3219 2445 3285 sola
2492 3218 2550 3285 vi
2590 3224 2694 3283 te-

338 3321 625 3392 nentem,
676 3316 922 3400 trilogia
969 3314 1086 3381 tibi
1135 3316 1427 3381 ostendit.
1508 3315 1661 3382 Inde
1701 3317 1933 3386 bellum
1975 3315 2269 3383 exoritur.
2349 3316 2466 3381 Est
2505 3314 2693 3393 enim,

350 3408 442 3474 uti
494 3410 698 3473 obiter
745 3419 811 3474 et
859 3409 1137 3478 nondum
1190 3412 1399 3477 habita
1448 3412 1710 3477 deorum
1760 3412 2001 3479 ratione
2051 3413 2174 3478 iam
2238 3433 2428 3498 supra
2487 3432 2693 3496 expo-

342 3503 584 3571 suimus
628 3504 699 3589 (S.
740 3503 839 3589 2),
889 3510 986 3569 est
1036 3526 1114 3571 ex
1164 3506 1360 3571 altera
1406 3514 1582 3594 parte
1632 3508 1934 3594 sapientia
1985 3506 2321 3574 constituta
2372 3528 2514 3571 cum
2566 3504 2692 3570 bu-

342 3599 636 3664 manitate
679 3599 1028 3684 conjuncta,
1068 3600 1257 3666 habet
1295 3600 1462 3666 enim
1487 3602 1738 3688 Jupiter
1761 3602 2209 3670 Prometheum
2251 3598 2690 3667 adversarium.

346 3693 612 3760 Vincere
654 3694 899 3761 videtur
935 3696 1185 3780 Jupiter
1224 3717 1298 3762 ea
1340 3717 1464 3782 qua
1506 3705 1603 3762 est
1641 3699 1941 3784 potentia,
1984 3697 2386 3764 succumbere
2423 3696 2691 3761 Prome-

344 3787 525 3853 theus
566 3810 641 3854 ea
683 3809 808 3876 qua
849 3795 948 3855 est
986 3809 1129 3856 cum
1174 3790 1280 3856 illo
1323 3799 1719 3878 comparatus
1760 3802 2054 3859 externae
2097 3788 2472 3857 conditionis
2509 3788 2689 3856 intir-

344 3882 577 3950 mitate.
658 3885 786 3951 Sed
826 3905 956 3971 quo
998 3885 1134 3952 iure
1175 3886 1421 3971 Jupiter
1460 3888 1620 3966 vicit,
1662 3889 1896 3975 quippe
1938 3908 2133 3973 quum
2174 3886 2232 3953 vi
2274 3886 2691 3972 praestantior

346 3985 536 4054 esset,
578 3999 705 4063 quo
746 3987 963 4046 contra
1004 4002 1080 4047 ea
1106 3982 1521 4050 Prometheus
1562 3984 1697 4051 iure
1739 3992 1835 4050 est
1873 3983 2097 4051 victus:
2139 3982 2361 4048 eodem
2403 3982 2539 4049 iure
2582 4002 2689 4046 sa-

342 4072 577 4159 pientia
606 4079 671 4137 et
694 4075 987 4159 patientia
1014 4077 1372 4144 Promethei
1397 4080 1475 4145 ad
1507 4079 1745 4146 irritum
1767 4086 1899 4143 tum
1923 4076 2145 4162 redigit
2165 4078 2328 4144 illam
2352 4076 2688 4153 victoriam,

347 4168 539 4234 immo
590 4175 829 4234 certum
874 4171 1015 4239 Jovi
1065 4170 1386 4240 interitum
1438 4173 1729 4239 minatur.
1818 4175 1913 4238 Ex
1964 4195 2089 4261 qua
2150 4182 2365 4242 mutua
2426 4174 2686 4239 deorum

349 4264 706 4330 conditione
746 4273 819 4331 ut
858 4266 1091 4334 bellum
1131 4269 1448 4355 deponant
1487 4275 1553 4334 et
1593 4290 1809 4355 pacem
1852 4269 2065 4338 ineant
2104 4270 2406 4357 sequitur.
2489 4263 2688 4335 Simili

493 4467 544 4530 ⁸)
578 4477 631 4525 ιιι
669 4479 1001 4530 weicheri
1041 4479 1166 4529 nm
1204 4492 1252 4537 p.
1292 4478 1516 4529 92—94.
