2978 4869
1336 249 1417 265 .-
1511 214 1593 283 11
1692 253 1771 269 ..-

390 384 649 455 matheo
697 387 912 455 lovem
968 406 1116 453 esse
1164 386 1471 455 offensum
1495 378 1558 472 ⁴¹).
1645 388 1789 455 Jam
1840 384 2124 472 sequitur
2173 385 2415 477 vinctus
2464 387 2729 457 Prome-.-
2835 337 2852 346 ἢ

394 483 579 555 theus
620 505 745 570 qua
784 481 1228 550 Prometheum
1268 482 1553 551 videmus
1602 502 1870 569 poenam
1913 480 2201 549 facinoris
2242 481 2731 549 crudelissimam
2863 561 2870 565 ‚

396 581 668 649 dantem.
750 579 823 645 Id
862 579 1051 664 igitur
1094 579 1224 666 jam
1276 577 1501 649 accidit
1533 578 1723 665 ,quod
1763 577 1993 661 prioris
2033 577 2325 643 dramatis
2364 583 2731 662 argumento

394 677 489 742 vel
537 677 803 745 maxime
852 677 1234 745 contrarium
1284 676 1481 754 dicae,
1534 675 1622 741 ita
1669 684 1878 747 tamen
1927 682 2003 741 ut
2049 695 2256 761 neque
2305 674 2390 741 ihi
2436 673 2732 741 victorem

389 773 867 851 Prometheum,
919 795 1125 860 neque
1175 771 1276 839 hic
1325 771 1558 839 habeas
1602 772 1851 843 victum.
1939 772 2097 838 Nam
2154 792 2360 865 neque
2423 769 2733 839 immerito

390 866 578 935 habet
601 869 819 936 Jovem
863 869 983 936 sihi
1023 870 1271 948 iratum,
1312 890 1520 956 neque
1560 868 1872 939 immerito
1913 868 2046 954 ipse
2072 867 2211 935 Jovi
2253 867 2555 935 irascitur.
2616 866 2734 933 Al-

390 972 527 1033 tero
564 965 633 1031 in
675 967 951 1035 dramate
992 966 1241 1033 libertas
1280 965 1652 1052 prudentiae
1686 964 1904 1051 juncta
1944 972 2009 1033 et
2049 963 2198 1050 quid
2236 963 2438 1031 ‘valeat
2478 971 2543 1028 et
2581 962 2734 1048 quid

390 1060 634 1138 audeat,
675 1061 870 1129 altero
913 1062 1064 1150 quid
1103 1070 1318 1131 contra
1358 1062 1526 1127 illam
1557 1080 1804 1128 summa
1828 1062 2028 1132 valeat
2065 1060 2157 1127 vis
2198 1068 2261 1125 et
2289 1061 2567 1146 potentia
2607 1059 2733 1125 hu·-

388 1157 684 1223 manitate
732 1156 860 1223 fere
901 1159 1069 1227 omni
1111 1166 1178 1224 et
1217 1157 1520 1244 sapientia
1543 1158 1845 1225 destituta
1873 1157 2245 1244 experimur.
2305 1158 2525 1243 Neque
2567 1157 2733 1223 hunc

388 1274 516 1318 non
558 1253 715 1320 vinci
754 1254 1072 1332 victorem,
1113 1276 1324 1341 neque
1365 1255 1542 1323 illum
1581 1276 1710 1323 non
1749 1254 1997 1321 vincere
2037 1252 2269 1325 victum
2308 1252 2529 1321 elucet.
2578 1254 2729 1319 Bel-

389 1348 518 1417 lum
558 1349 712 1416 illud
754 1350 1017 1419 deorum
1068 1350 1135 1415 in
1185 1371 1405 1436 pacem
1444 1352 1624 1417 cedat
1672 1372 1931 1421 necesse
1973 1358 2073 1416 est
2121 1357 2186 1415 et
2233 1348 2321 1414 ita
2361 1349 2613 1435 quidem
2661 1357 2736 1417 ut

386 1445 717 1513 numinum
767 1467 883 1532 per
936 1467 1005 1511 se
1045 1446 1164 1513 sibi
1205 1445 1641 1532 oppositorum
1691 1446 1827 1533 ipsa
1877 1453 2098 1515 natura
2143 1452 2437 1513 mutatur.
2518 1446 2734 1513 Altera

384 1541 565 1606 alteri
618 1541 811 1620 cedit,
856 1550 929 1611 ut
977 1543 1332 1610 obediendo
1371 1564 1516 1610 vera
1557 1543 1888 1630 sapientia,
1939 1542 2237 1628 sapiendo
2286 1562 2431 1609 vera
2479 1541 2735 1609 exsistat

386 1636 684 1722 potentia.
764 1639 903 1707 Hoc
952 1640 1102 1709 satis
1151 1646 1323 1707 certo
1373 1638 1604 1707 scimus
1653 1639 1840 1707 soluti
1891 1637 2249 1707 Promethei
2300 1645 2732 1723 argumentum

388 1733 598 1801 ruisse.

542 1830 701 1897 Cum
751 1830 866 1897 hac
909 1831 1039 1919 jam
1089 1830 1396 1899 sententia
1456 1838 1536 1899 ut
1579 1833 1972 1899 conferamus
2033 1838 2223 1917 atque
2271 1830 2733 1899 conformemus

388 1926 583 1993 varias
623 1927 896 1994 virorum
934 1928 1265 1997 doctorum
1305 1927 1770 1997 observationes
1812 1946 1973 2013 opus
2012 1946 2143 1991 non
2183 1934 2298 1993 est.
2375 1927 2503 1994 Sed
2542 1963 2623 1976 -—
2660 1935 2734 1995 ut

384 2022 508 2088 hoc
547 2044 745 2089 unum
777 2025 1030 2090 afferam
1060 2060 1142 2070 —
1170 2024 1447 2093 animum
1478 2045 1718 2112 quaeso
1748 2024 2046 2101 advertas,
2084 2043 2278 2109 quam
2319 2023 2479 2090 bene
2518 2031 2733 2091 nostra

388 2120 699 2187 sententia
747 2119 814 2185 id
863 2119 1270 2206 intelligatur,
1335 2122 1509 2208 quod
1559 2142 1698 2191 cum
1750 2120 1887 2187 aliis
1928 2119 2371 2187 Welckerus
2419 2120 2737 2189 annotavit

391 2216 512 2302 (pg.
533 2216 689 2301 489.)
730 2234 869 2283 esse
909 2217 1199 2285 videlicet
1224 2219 1498 2287 mediam
1536 2217 1820 2302 trilogiae
1850 2224 2087 2303 partem
2127 2236 2267 2287 eam
2309 2238 2434 2305 qua
2463 2218 2732 2285 maxime

386 2321 710 2383 moveatur
740 2314 986 2380 animus
1025 2323 1091 2379 et
1117 2314 1506 2400 corripiatur.
1558 2313 1992 2400 oppositionis
2021 2314 2086 2379 id
2115 2335 2275 2392 esse,
2314 2323 2387 2381 ut
2427 2314 2491 2383 in
2522 2313 2731 2381 animo

388 2431 648 2497 quoque
691 2410 862 2476 litem
902 2418 1215 2496 provocet,
1254 2410 1432 2480 §acilo
1471 2410 1853 2496 intelligitur.
1914 2410 2155 2477 Eodem
2197 2410 2384 2477 modo
2414 2412 2732 2480 Aristote-

388 2507 463 2574 lis
504 2508 584 2574 de
624 2506 941 2593 tragoedia
982 2508 1324 2578 doctrinam
1366 2508 1443 2573 ad
1487 2515 1782 2590 nostram„
1804 2506 2078 2575 revocari
2119 2528 2332 2593 posse,
2375 2507 2503 2595 iam
2547 2527 2735 2595 supra

388 2604 811 2672 indicavimus.
850 2641 926 2651 —
1294 2671 1301 2678 .
1545 2676 1560 2690 ,

546 2700 830 2787 Reliquis
871 2720 1015 2767 vere
1056 2699 1316 2785 trilogiis
1357 2701 1522 2766 idem
1562 2700 1872 2768 vindicare
1915 2721 2109 2786 quum
2152 2708 2216 2766 et
2256 2701 2512 2787 longum
2553 2701 2635 2768 sit
2672 2710 2737 2770 et

386 2798 455 2864 in
495 2797 818 2882 plerisque
860 2795 940 2862 ob
983 2793 1467 2879 fragmentorum
1509 2789 1882 2881 paucitatem
1926 2797 2059 2864 [ieri
2101 2805 2401 2884 nequeat,
2449 2818 2529 2863 ne
2579 2785 2733 2863 utile

390 2892 644 2980 quidem
688 2891 932 2958 videtur
970 2910 1126 2956 esse.
1193 2892 1268 2958 In
1308 2891 1612 2966 omnibus
1630 2891 1795 2958 enim
1838 2891 2004 2957 idem
2031 2892 2405 2979 Aeschylum
2447 2900 2734 2962 secutum

390 3010 533 3058 esse
587 2988 915 3056 consilium
966 2988 1062 3055 vel
1111 2995 1444 3075 propterea
1505 2988 2037 3058 verisimilitudine
2099 2995 2296 3068 caret,
2359 2989 2507 3076 quia
2566 2989 2735 3058 diffi-

392 3086 509 3151 cile
559 3093 655 3151 est
706 3106 845 3150 eam
894 3105 1145 3167 semper
1193 3085 1395 3171 legem
1450 3105 1690 3154 servare
1741 3107 1928 3172 quam
1969 3107 2097 3154 non
2137 3085 2292 3171 legis
2341 3086 2456 3152 sed
2496 3087 2733 3154 formae

388 3183 561 3261 loco,
623 3204 751 3249 non
801 3189 1097 3267 tanquam
1149 3175 1560 3267 philosophus
1622 3181 1730 3246 sed
1778 3189 2077 3268 tanquam
2137 3188 2324 3267 po'eta
2371 3181 2584 3248 habes.
2663 3182 2737 3250 Id

392 3279 644 3366 quidem
685 3279 783 3345 vix
825 3299 861 3344 a
888 3277 1069 3344 nobis
1109 3277 1535 3363 impetramuS,
1575 3283 1648 3342 ut
1685 3275 1924 3346 tabidas
1965 3298 2073 3344 eas
2114 3298 2271 3364 quas
2311 3277 2446 3364 ipsa
2480 3278 2736 3347 historia

392 3375 556 3441 inter
589 3397 656 3440 se
687 3374 1046 3461 conjunctas
1079 3381 1304 3460 poetae
1334 3372 1688 3452 tradiderat,
1722 3393 1850 3440 non
1875 3374 2204 3442 credamus
2231 3375 2312 3440 ad
2341 3375 2506 3443 illam
2537 3376 2735 3463 ipsam

393 3473 594 3556 legem
643 3472 720 3537 ab
771 3489 849 3538 eo
901 3489 1146 3557 semper
1197 3491 1335 3536 esse
1375 3469 1679 3538 reductas.
1759 3469 2007 3538 Scimus
2059 3471 2254 3551 enim,
2306 3492 2493 3559 quam
2544 3472 2736 3539 semel

390 3568 600 3638 animo
655 3576 956 3655 concepta
1018 3567 1156 3634 idea
1214 3566 1336 3634 vim
1389 3574 1679 3634 exerceat
1738 3566 1839 3634 cui
1890 3567 2183 3634 resistere
2232 3587 2528 3654 nequeas.
2612 3568 2738 3634 Sed

395 3665 634 3732 facilius
666 3685 1003 3742 movemur,
1042 3672 1115 3733 ut
1147 3663 1385 3732 fabulas
1417 3662 1605 3732 etiam
1647 3663 1820 3732 nullo
1861 3663 2026 3731 inter
2055 3684 2124 3729 se
2155 3663 2556 3731 cohaerentes
2598 3664 2737 3733 vin-

396 3762 573 3840 culo,
633 3761 909 3846 trilogias
959 3761 1148 3846 igitur
1196 3782 1354 3847 quas
1401 3781 1529 3825 non
1572 3761 1827 3848 proprio
1875 3782 1956 3827 eo
2006 3759 2257 3826 nomine
2305 3760 2738 3842 nominaveris,

397 3860 477 3926 ab
517 3857 820 3946 Aeschylo
862 3858 927 3926 in
968 3878 1218 3926 scenam
1261 3857 1588 3926 credamus
1629 3866 1819 3946 atque
1848 3865 2162 3926 certamen
2200 3856 2538 3944 productas
2580 3881 2737 3927 esse.

396 3957 793 4024 Documento
859 3954 1040 4024 nobis
1101 3962 1249 4024 sunt
1308 3955 1537 4026 Persae
1598 3977 1742 4023 cum
1803 3956 2042 4022 Phineo
2093 3954 2311 4042 juncta
2371 3963 2440 4023 et
2499 3956 2738 4024 Glauco

398 4072 556 4140 quas
598 4050 834 4116 fabulas
875 4051 953 4116 ad
993 4073 1131 4118 eam
1178 4052 1645 4140 Droysenius
1696 4052 1789 4138 (in
1832 4051 2114 4120 versione
2154 4075 2291 4139 pag.
2331 4054 2497 4139 319.)
2539 4053 2738 4118 ideam

395 4148 603 4216 redire
646 4145 869 4226 statuit
899 4168 1061 4232 quae
1103 4155 1379 4218 nostram
1421 4150 1616 4235 magis
1658 4169 1846 4236 quam
1885 4148 2170 4238 Aeschyli
2212 4159 2475 4221 aetatem
2517 4148 2657 4214 olet.

559 4247 640 4312 Ut
679 4242 948 4311 breviter
987 4243 1086 4310 hic
1130 4244 1206 4312 de
1250 4245 1577 4321 dramate
1621 4245 1950 4331 satyrico
1994 4268 2249 4335 quoque
2290 4249 2596 4321 dicamus,
2644 4251 2739 4310 est

542 4481 599 4542 ⁶)
637 4489 709 4540 cf.
749 4487 808 4535 de
845 4485 1148 4542 argumentis
1183 4486 1382 4536 sabinae
1419 4486 1610 4542 primae
1646 4493 1696 4535 et
1734 4490 1912 4540 tertiae
1949 4491 2263 4538 wolcker.
2304 4490 2339 4534 1.
2375 4489 2409 4536 l.
2447 4496 2531 4544 ng.
2567 4485 2620 4534 7.
2662 4495 2737 4540 sq.

403 4564 449 4606 et
491 4560 556 4606 28
592 4572 666 4618 sq.
741 4560 881 4610 Adde
919 4559 1145 4615 ornys.
1184 4558 1234 4605 in
1270 4558 1505 4607 versione
1543 4571 1626 4617 η.
1664 4560 1785 4609 899.
1824 4572 1901 4616 sa.
1941 4566 1988 4608 et
2025 4558 2143 4609 45⁸.
2181 4568 2261 4613 sq.
