2978 4869
1212 222 1607 289 ...4-

236 402 444 461 mento
518 417 852 482 rerumque
923 402 1304 463 narratarum
1378 416 1715 483 progressu
1785 398 1863 463 ad
1934 395 2173 463 irritum
2240 400 2578 465 reducitur:

236 493 452 557 Aciem
482 491 725 557 mireris
770 491 1144 580 Goethii*)
1190 493 1361 581 quod
1403 493 1564 558 hanc
1606 493 1818 580 epicae
1860 493 2070 581 poesis
2113 494 2293 580 quasi
2335 494 2580 563 discor-

235 588 400 655 diam
445 588 747 656 detexerit
792 610 915 674 qua
958 591 1305 656 cunctando
1346 591 1609 668 moveri,
1660 590 1968 658 movendo
2009 611 2143 656 rem
2188 591 2442 658 retineri
2484 592 2580 660 vi-

236 684 478 752 demus,
724 758 733 771 ,

391 783 531 846 Jam
582 782 772 866 igitur
823 802 1018 868 quum
1066 783 1128 847 id
1180 784 1416 869 primae
1467 784 1676 870 po'esis
1727 783 1961 850 formae
2004 784 2302 850 accidisse
2345 784 2579 850 intelli-

235 892 453 963 gamus
496 899 622 965 quo
666 878 987 963 proprium
1029 879 1226 965 ipsius
1278 880 1607 947 consilium
1663 882 1930 962 perverti
1982 889 2266 969 apparet,
2317 881 2578 971 sormam

234 975 417 1041 aliam
467 997 596 1040 non
645 973 866 1040 eodem
917 975 1064 1043 vitio
1128 975 1511 1041 laborantem
1576 978 1952 1063 quaerimus,
2045 977 2116 1043 Id
2168 978 2334 1044 enim
2393 997 2580 1064 quam

232 1072 503 1138 maxime
545 1070 891 1158 poscimuS,
932 1079 1004 1136 ut
1055 1093 1214 1158 quae
1264 1093 1380 1158 per
1432 1094 1499 1137 se
1551 1095 1631 1138 ne
1685 1072 1901 1139 adesse
1954 1075 2208 1161 quidem
2258 1073 2584 1143 videbatur

235 1167 542 1234 discordia
593 1168 658 1233 in
710 1167 983 1232 medium
1035 1189 1201 1233 nunc
1251 1174 1465 1253 aperte
1518 1169 1915 1255 protrahatur
1956 1193 2106 1239 neve
2149 1171 2226 1237 de
2268 1193 2419 1258 pace
2462 1170 2580 1235 nisi

235 1264 400 1330 bene
453 1264 697 1350 cognita
746 1262 1064 1328 inimicitia
1117 1264 1438 1349 cogitetur.
1521 1265 1864 1332 Dissidium
1916 1266 2117 1333 adhuc
2166 1269 2465 1354 sopitum,
2516 1267 2583 1331 in

235 1361 572 1449 tranquilla
612 1381 823 1426 rerum
864 1366 1122 1425 naturae
1166 1361 1692 1448 contemplatione
1747 1363 2110 1430 immersum
2160 1364 2338 1451 quasi
2381 1371 2445 1430 et
2485 1363 2582 1428 la-

234 1464 374 1522 tens
410 1457 563 1543 quin
593 1456 655 1521 in
698 1455 837 1521 luce
881 1456 1237 1536 collocetur,
1280 1458 1471 1523 immo
1515 1459 1650 1545 ipsa
1692 1459 1964 1524 humana
2003 1470 2212 1526 mente
2242 1459 2589 1545 excipiatur

237 1553 374 1619 fieri
417 1554 653 1640 nequit.
697 1590 771 1601 -
813 1554 965 1620 Inde
1005 1554 1174 1620 vides
1218 1555 1560 1620 carminum
1604 1577 1799 1641 genus
1843 1564 2129 1622 exortum
2168 1557 2338 1643 quod
2381 1564 2584 1622 totum

240 1649 496 1715 dissidio
538 1649 660 1715 isto
705 1652 1077 1717 continetur.
1159 1651 1320 1716 Rem
1361 1651 1696 1717 humanam
1739 1673 1775 1716 a
1814 1651 2017 1719 divina
2067 1673 2205 1717 esse
2259 1660 2585 1764 secretam,

237 1767 453 1813 rerum
504 1747 782 1813 omnium
835 1767 961 1813 non
1013 1768 1150 1812 eam
1204 1769 1345 1813 esse
1398 1757 1717 1816 externam
1772 1748 2075 1830 speciem,
2137 1770 2324 1835 quam
2375 1749 2585 1815 animo

238 1843 317 1909 de
369 1842 446 1908 iis
498 1844 950 1926 concipiamuS‚
1004 1843 1212 1911 virtuti
1269 1866 1410 1911 esse
1454 1853 1780 1911 aeternum
1824 1866 1967 1911 cum
2011 1836 2195 1924 vitio,
2248 1846 2384 1928 spei
2438 1867 2584 1911 cum

238 1947 495 2018 eventu,
547 1940 754 2006 animo
805 1941 1076 2027 denique
1130 1962 1272 2007 cum
1322 1942 1514 2007 rebus
1562 1942 1796 2008 bellum
1839 1939 2208 2025 gerendum,
2267 1942 2478 2008 haec
2454 1963 2583 2029 Jam

237 2036 594 2102 tristissima
623 2039 793 2105 subit
820 2045 1091 2104 mentem
1122 2038 1527 2125 experientia.
1593 2039 1765 2104 Haec
1806 2037 2093 2124 lyricae
2137 2038 2346 2124 poesis
2390 2038 2583 2124 origO.

229 2131 466 2198 ‘Pacem
513 2154 698 2220 quam
742 2134 975 2200 nullam
1019 2155 1159 2199 esse
1202 2143 1410 2201 mente
1453 2136 1780 2212 docemur,
1831 2134 1967 2219 ipsa
2006 2135 2063 2200 vi
2106 2134 2333 2200 mentis
2374 2155 2585 2199 resar-

241 2228 390 2307 cire,
431 2228 679 2296 hostem
719 2230 1031 2297 internum
1077 2231 1338 2297 internis
1382 2252 1678 2318 superare
1720 2230 1907 2295 armis
1950 2250 2267 2296 conamur.
2348 2231 2584 2297 Verum

238 2347 321 2391 ne
366 2347 503 2393 eam
547 2327 796 2413 quidem
838 2346 1078 2413 pacem,
1120 2349 1281 2414 quae
1325 2327 1403 2393 de
1444 2329 1633 2395 rebus
1676 2327 1949 2394 externis
1991 2326 2324 2393 admodum
2366 2348 2584 2394 secura

240 2425 375 2490 sola
401 2424 629 2490 mentis
657 2424 714 2492 vi
758 2423 1138 2504 conficiatur,
1179 2446 1386 2492 veram
1416 2447 1555 2492 esse
1598 2432 1663 2491 et
1689 2445 2045 2491 mansuram
2074 2431 2351 2511 apparet.
2413 2426 2585 2492 Tan-

239 2529 379 2587 tum
407 2522 583 2588 abest
609 2522 793 2608 lyrica
815 2523 993 2608 po‘esi
1019 2530 1091 2587 ut
1119 2543 1239 2608 pax
1280 2531 1554 2604 paretur,
1594 2530 1667 2587 ut
1708 2519 2031 2586 dissidium
2074 2542 2147 2587 ea
2189 2522 2324 2608 ipsa
2351 2541 2587 2605 augea-

237 2625 363 2696 tur,
405 2640 522 2684 nec
566 2617 732 2684 salus
774 2638 1050 2704 unquam
1093 2617 1457 2702 reperietur,
1500 2617 1619 2682 nisi
1663 2615 1740 2682 ad
1782 2618 2083 2683 mundum
2121 2618 2348 2683 iterum
2376 2625 2587 2683 trans-

239 2714 435 2780 latum
475 2712 710 2781 bellum
751 2712 958 2796 ipsum
1000 2735 1078 2779 ex
1121 2734 1187 2779 se
1231 2733 1445 2800 pacem
1486 2714 1919 2801 procreaverit.
1942 2715 2008 2800 ⁴⁰¹)
2092 2714 2411 2794 Quantum
2445 2735 2590 2779 me-

381 2913 440 2968 ⁴)
475 2916 842 2964 Brletweciisel
875 2916 1138 2964 zwisclien
1172 2918 1363 2963 coethe
1397 2917 1496 2961 und
1522 2915 1748 2962 schiller.
1787 2916 1857 2960 111.
1896 2927 1946 2971 p.
1984 2915 2091 2962 au
2126 2926 2204 2970 sq.

381 2977 462 3041 ”J
498 2988 737 3032 Naturam
774 2989 904 3032 hanc
940 2988 1110 3043 poesis
1147 2986 1486 3045 dialecucam,
1534 2985 1705 3031 formis
1754 2985 1990 3032 carminis
2036 2985 2189 3043 epici,
2241 2986 2416 3046 lyrici,
2465 2986 2584 3032 dra·—

241 3056 409 3106 matici
447 3057 760 3114 descriptam,
798 3066 831 3103 a
867 3059 1124 3114 solgcro
1156 3059 1282 3117 jam,
1319 3056 1548 3110 quamvis
1575 3056 1838 3102 obscurius
1862 3056 2128 3103 indicatam
2149 3059 2308 3104 habea
2346 3058 2397 3103 ln
2433 3068 2582 3114 prae-

243 3130 430 3178 ratione
468 3128 715 3175 versionis
752 3131 906 3183 soph.
946 3140 993 3183 p.
1034 3130 1117 3175 Vt.
1154 3136 1259 3181 seq.
1299 3123 1404 3184 (ed.
1441 3121 1523 3183 11.)
1561 3126 1625 3173 cf.
1662 3128 1789 3182 opp.
1826 3129 1877 3173 11.
1916 3138 1965 3182 ι).
2005 3124 2124 3174 445.
2165 3139 2241 3182 sq.

388 3201 636 3255 Quantum
670 3211 792 3245 vero
831 3205 1043 3246 externa
1077 3198 1368 3254 tragoediae
1413 3197 1625 3243 conditio
1664 3208 1772 3243 cum
1810 3202 1992 3244 natura
2031 3200 2142 3252 ejus
2180 3205 2230 3244 et
2266 3198 2431 3244 indole
2467 3208 2587 3243 con·

246 3275 419 3328 grum,
474 3270 725 3324 suspicari
769 3271 957 3324 poteris
1002 3269 1303 3316 Muelleri
1347 3269 1394 3317 si
1438 3268 1624 3316 adieris
1670 3269 1869 3315 librum:
1926 3268 2218 3324 Aeschylos
2266 3269 2583 3327 Eumenidem

245 3340 530 3398 griechiscn
567 3340 663 3385 und
701 3339 921 3385 deutsch.
996 3353 1044 3394 p.
1088 3340 1208 3387 191.

390 3412 455 3458 Ut
485 3411 723 3464 judicium
759 3410 906 3456 etiam
942 3410 1021 3456 hic
1057 3420 1304 3465 apponam
1339 3412 1400 3456 de
1436 3409 1667 3459 doctrina
1701 3409 2123 3468 Aristotelis,
2161 3411 2389 3466 proxime
2438 3410 2482 3456 is
2519 3411 2584 3456 ad

246 3486 470 3534 nostram
505 3483 797 3527 sententiam
835 3481 1067 3538 accessit,
1104 3481 1396 3534 videturque
1434 3482 1509 3526 rei
1553 3492 1794 3526 summam
1831 3492 1929 3527 acu
1963 3481 2217 3555 tetigisse,
2255 3482 2370 3558 ”me
2383 3482 2433 3526 iu
2467 3481 2586 3536 ipsa

248 3554 356 3599 fere
402 3554 542 3599 calce
588 3551 699 3598 libri
744 3551 826 3598 sul
871 3554 998 3598 haec
1046 3551 1182 3596 dicit:
1240 3538 1513 3613 φανερόν,
1560 3565 1640 3629 οτθι.ν
1676 3538 1928 3624 κρείττων
1953 3563 2026 3595 αν
2062 3563 2142 3609 ειῃ
2192 3544 2291 3611 (sc.
2336 3565 2369 3608 ‘¹1
2406 3547 2584 3613 τραγ.)

246 3613 524 3679 μᾶλλον
578 3635 703 3666 του
746 3609 1001 3675 τέλους
1050 3613 1527 3680 τυγχάνουσα
1577 3612 1664 3680 τῆς
1715 3612 2010 3676 εκοποιιας.
2092 3623 2234 3667 Adde
2280 3632 2391 3676 cap.
2445 3624 2583 3669 XV&

250 3698 505 3791 Φανερόν
558 3723 690 3770 ουν,
743 3723 822 3755 οτι
875 3696 974 3754 οιαὶ
1027 3695 1122 3762 τοὶς
1172 3699 1374 3763 λύσεις
1413 3722 1513 3753 των
1546 3695 1752 3768 μύθων
1788 3692 1842 3764 ἔξ
1880 3692 2070 3754 αυτοῦ
2114 3698 2199 3754 δεῖ
2230 3722 2337 3754 του
2370 3696 2587 3766 pithom>

252 3768 616 3836 συμβαίνειν.
690 3783 789 3829 Sed
825 3783 997 3827 eodem
1032 3780 1251 3827 fortasse
1280 3783 1396 3835 jure
1429 3784 1594 3828 locum
1628 3782 1749 3828 milti
1782 3781 1921 3827 illum
1955 3782 2247 3829 laudaveris
2290 3792 2432 3836 quem
2479 3781 2585 3837 pri-

248 3851 459 3899 marium
510 3855 749 3900 habemus
804 3854 866 3898 ad
923 3854 1315 3906 cognoscendam
1367 3852 1654 3899 Aristotelis
1709 3853 1769 3897 de
1831 3853 1883 3897 vi
1947 3852 2237 3907 tragoediae
2290 3853 2584 3900 sententiam

252 3919 354 3978 (cp.
394 3917 508 3975 vl.)
544 3924 732 3981 locum,
780 3933 924 3979 quem
960 3927 1142 3976 quanto
1181 3934 1332 3978 opere
1366 3922 1567 3967 vexarit
1601 3922 1981 3977 Lessingius
2028 3918 2420 3978 (Dramaturgie.
2460 3924 2583 3978 om».

252 3995 331 4039 ed.
375 3995 580 4040 Lacum.
629 3994 732 4040 Vll.
778 4006 826 4049 n.
874 3995 974 4040 831
1024 4004 1102 4047 sd.
1153 3998 1204 4040 et
1249 3993 1353 4039 ³46
1390 3990 1500 4046 sq.)
1545 3992 1787 4038 neminem
1821 3991 1966 4048 fugit.
2038 3993 2136 4039 Sed
2185 4004 2336 4048 quum
2382 3992 2587 4041 uberius

253 4068 348 4110 hoc
394 4067 504 4112 loco
551 4065 681 4118 quod
726 4064 793 4110 sit
839 4065 1090 4120 proprium
1136 4064 1423 4119 tragoediae
1468 4074 1649 4109 munus
1695 4068 1942 4120 exponat,
1983 4074 2108 4111 vera
2151 4066 2212 4110 de
2250 4077 2306 4111 re
2340 4065 2588 4113 sententia

249 4140 354 4181 tum
390 4136 582 4181 demum
618 4135 729 4180 inde
766 4137 961 4193 evadet,
997 4137 1045 4181 si
1089 4146 1122 4182 a
1170 4136 1362 4182 ratione
1407 4144 1559 4189 quam
1603 4133 1686 4179 ille
1732 4134 1956 4187 sequitur
1993 4136 2350 4191 psychologica
2386 4136 2451 4180 ad
2499 4144 2589 4181 ra-

253 4207 433 4252 tionem
479 4217 584 4252 rem
619 4205 903 4251 traduxeris
940 4217 1060 4252 vere
1095 4205 1504 4262 philosophicam.
1577 4207 1649 4251 Eo
1694 4203 1824 4250 enim
1868 4210 1974 4252 tota
2014 4206 2304 4254 Aristotelis
2347 4206 2410 4250 de
2445 4206 2586 4260 voest

252 4277 477 4323 doctrina
515 4278 635 4323 vitio
673 4278 885 4336 laborat,
923 4278 1051 4329 qnod
1090 4280 1154 4323 ad
1189 4280 1289 4325 vim
1324 4277 1491 4334 potius
1528 4287 1561 4322 a
1596 4275 1739 4331 poesi
1773 4275 1824 4321 in
1860 4278 2021 4323 animo
2047 4281 2259 4324 humano
2298 4276 2588 4336 exercitam,

249 4356 395 4399 quam
435 4348 497 4392 ad
533 4348 696 4401 insum
733 4347 902 4401 poesis
939 4350 1169 4393 naturam
1204 4361 1294 4403 per
1329 4360 1388 4395 se
1424 4349 1746 4403 spectandam
1781 4348 1907 4393 redit
1952 4354 2040 4394 aut
2081 4353 2212 4396 lianc
2247 4352 2382 4392 certe
2419 4347 2593 4403 dispu-

252 4416 390 4462 tandi
427 4418 668 4464 rationem
704 4429 815 4465 cum
857 4419 1019 4464 altera
1064 4419 1365 4467 commiscet.
1438 4421 1542 4465 Nec
1591 4420 1768 4465 desunt
1810 4419 1939 4480 loci,
1988 4419 2072 4466 ubi
2113 4422 2331 4466 haerens
2372 4419 2591 4465 maxime

254 4487 305 4531 ln
330 4488 593 4542 superficie
614 4490 687 4535 rei
711 4500 900 4535 omnem
937 4488 1185 4542 abjecisse
1212 4489 1467 4546 videatur,
1506 4500 1605 4543 otta
1629 4494 1890 4544 tantopere
1914 4489 2169 4547 excelluit,
2204 4489 2380 4536 mentis
2415 4489 2592 4536 aciem.

253 4558 394 4613 Quod
430 4570 492 4604 ne
529 4560 765 4607 temerius
801 4560 982 4607 dictim
1019 4565 1191 4619 putes,
1236 4559 1363 4608 locis
1407 4563 1563 4615 probo
1609 4565 1848 4616 tanquam
1894 4560 2139 4618 exemptis
2177 4571 2255 4615 cp.
2293 4561 2377 4608 Vl.
2413 4561 2495 4608 nbi
2531 4561 2593 4605 de
