2978 4869
1361 182 1787 248 ...43-

407 349 746 418 Minervam
788 351 992 417 locu'm
1036 358 1320 417 tenentes
1361 353 1617 434 paribus
1654 353 1949 440 utrinque
1978 355 2281 439 suffragiis
2310 355 2558 421 Orestis
2587 356 2752 422 cau-

409 467 539 512 sam
583 447 646 512 in
690 468 997 529 suspenso
1038 447 1426 534 relinquunt,
1476 469 1576 513 res
1616 449 1696 514 ad
1737 449 2005 515 iudicem
2048 451 2488 536 sapientiorem
2532 451 2751 517 defer-

408 550 527 608 tur.
589 544 785 608 Adest
810 543 1171 617 Minerva:
1210 551 1308 608 est
1349 565 1423 609 ea
1465 544 1825 626 sapientior,
1867 567 2053 632 quam
2084 568 2243 634 quae
2273 548 2548 612 strictam
2577 546 2750 612 illam

406 645 469 702 et
508 640 756 718 nudam,
805 647 879 704 ut
926 641 1008 704 ita
1050 640 1269 718 dicam,
1312 638 1608 706 iustitiam
1651 641 1892 720 laudet,
1941 663 2075 708 rem
2125 642 2375 728 penitus
2427 643 2749 728 perspicit,

406 734 540 799 iura
582 735 875 821 legesque
917 735 1140 799 mentis
1190 743 1447 802 naturae
1491 736 1731 821 legibus
1773 739 2128 823 praeponit,
2178 738 2472 804 Orestem
2528 739 2750 803 absol-

405 830 505 897 vit.
587 831 668 896 Se
719 830 1073 895 immiscens
1123 830 1309 916 igitur
1361 831 1582 898 civium
1631 853 1890 897 suorum
1932 833 2162 899 iudicio
2204 834 2282 899 ad
2324 854 2498 898 suam
2543 833 2749 914 ipsius
2853 890 2857 894 .

405 926 769 1011 sapientiam
818 925 933 991 hos
982 935 1256 1005 revocat,
1309 926 1661 993 altioris-et
1711 927 2026 994 divinioris
2075 930 2345 995 iustitiae
2390 928 2750 1013 exemplum

407 1021 482 1086 iis
533 1022 807 1088 ostendit
855 1029 919 1088 et
972 1032 1172 1089 semet
1220 1024 1419 1109 ipsam
1474 1023 1698 1090 civium
1752 1044 2009 1089 suorum
2064 1026 2240 1111 quasi
2285 1033 2558 1090 mentem
2600 1046 2749 1090 esse

405 1117 664 1196 indicat,
715 1119 792 1183 ad
834 1141 1020 1206 quam
1063 1119 1247 1185 simul
1286 1119 1698 1204 appetendam
1747 1118 2052 1205 factisque
2103 1120 2474 1207 iudiciisque
2527 1120 2749 1201 expri-

403 1215 689 1281 mendam
733 1237 842 1281 eos
882 1215 1181 1281 hortatur.

563 1312 837 1378 Nimium
859 1311 1023 1377 haec
1031 1312 1105 1377 ad
1131 1311 1374 1378 scholae
1403 1311 1700 1378 formulas
1731 1312 2039 1398 disputata
2065 1313 2178 1378 tibi
2207 1311 2529 1379 videntur?
2571 1270 2749 1378 Sim·-

405 1406 724 1493 pliciorem
753 1407 1052 1472 rationem
1095 1407 1205 1475 tibi
1250 1430 1636 1495 proponam.
1698 1409 1923 1493 Fingas
1953 1410 2065 1474 tibi
2110 1409 2413 1474 humanos
2455 1407 2594 1472 illos
2640 1408 2751 1472 iu-

407 1500 637 1566 dices
619 1524 682 1566 m
726 1511 1065 1590 conspectu
1105 1505 1364 1571 deorum
1406 1505 1665 1591 positOS‚
1704 1503 2011 1584 Apollinis
2052 1504 2304 1588 inquam
2335 1512 2399 1568 et
2424 1504 2751 1589 Erinyum‚

408 1619 567 1684 quos
608 1619 722 1684 pro
765 1598 1035 1665 humana
1077 1623 1188 1666 sua
1233 1600 1534 1684 sapientia
1574 1607 1639 1663 et
1665 1598 1893 1683 pietate
1922 1620 2050 1663 non
2078 1605 2342 1683 possunt
2370 1619 2495 1662 non
2525 1604 2753 1662 utros-

407 1715 528 1780 que
573 1695 636 1757 in
680 1695 899 1758 eodem
940 1695 1176 1759 honore
1217 1694 1464 1758 habere.
1546 1693 1964 1759 Audebuntne
2019 1702 2259 1759 tantum
2299 1692 2573 1779 Apollini
2627 1693 2751 1758 de-

407 1788 649 1854 trahere
690 1797 764 1855 ut
802 1789 1005 1855 Furiis
1047 1789 1330 1856 vincendi
1374 1790 1618 1871 copiam
1658 1788 1913 1875 faciant,
1962 1811 2039 1856 an
2081 1789 2300 1854 Furias
2343 1789 2499 1853 adeo
2542 1789 2747 1873 negli-

407 1892 581 1970 gere,
630 1893 703 1951 ut
751 1895 969 1972 aperte
1014 1885 1288 1970 Apollini
1336 1886 1479 1968 plus
1533 1885 1916 1952 concedant?
1987 1891 2232 1950 Annon
2283 1885 2471 1969 igitur
2519 1891 2741 1968 poetae

407 1982 543 2060 erit,
583 1989 656 2048 ut
697 1981 1011 2085 dimidiam
1055 1988 1297 2067 partem
1336 1983 1611 2068 Apollini
1653 1964 1864 2059 faciat,
1917 1982 2231 2047 dimidiam
2273 1980 2478 2046 Furiis
2531 1980 2746 2046 faven-

405 2080 572 2145 tem?
651 2079 789 2142 Jam
831 2100 946 2163 ego
988 2098 1115 2142 non
1157 2076 1210 2141 is
1254 2098 1412 2154 sum,
1455 2077 1563 2163 qui
1606 2077 1989 2144 auctoritatis
2030 2078 2225 2161 magis
2267 2077 2331 2140 in
2374 2076 2747 2162 disputando

405 2195 590 2259 quam
632 2173 888 2237 rationis
930 2180 1249 2239 momenta
1288 2192 1602 2259 quaeram.
1683 2172 1920 2237 Tamen
1964 2192 2077 2237 cur
2117 2193 2244 2236 uon
2284 2171 2480 2236 fatear
2508 2172 2585 2236 de
2624 2193 2746 2253 pa-

406 2268 579 2335 ribus
623 2268 928 2353 suffragiis
970 2267 1031 2333 in
1074 2267 1389 2353 tragoedia
1430 2276 1645 2332 nostra
1679 2269 1848 2354 quod
1890 2269 1910 2332 i
1922 2290 2053 2355 pse
2097 2266 2399 2351 cogitarit,
2439 2288 2539 2332 me
2570 2267 2746 2334 valde

405 2365 697 2430 laetatum
748 2367 930 2430 esse?
1009 2366 1154 2450 Ipse
1206 2371 1413 2429 autem
1456 2372 1552 2428 est
1600 2364 1707 2429 He
1725 2365 1967 2451 gelius
1992 2365 2051 2449 “).
2132 2361 2436 2428 Videlicet
2484 2365 2630 2427 non'
2664 2363 2749 2429 ita

403 2461 697 2547 Hegelii
747 2468 888 2528 utar
934 2460 1344 2539 auctoritate,
1404 2468 1478 2527 ut
1538 2469 1812 2527 mentem
1861 2460 2149 2545 Aeschyli
2211 2481 2378 2525 nunc
2439 2458 2744 2524 detectam

403 2578 540 2623 esse
593 2558 981 2623 contendam.
1065 2559 1296 2622 Verum
1350 2556 1546 2640 gravis
1596 2556 1746 2620 mihi
1799 2563 1895 2620 est
1940 2556 2119 2620 testis
2172 2554 2322 2642 quid
2365 2555 2447 2619 sit
2485 2563 2746 2632 rectum,

404 2652 720 2739 quomodo
763 2652 1003 2717 fabulae
1050 2652 1264 2716 sensui
1305 2651 1540 2734 optime
1576 2650 1917 2737 Aeschylus
1959 2650 2308 2717 satisfacere
2349 2652 2641 2737 potuerit,
2682 2649 2745 2714 id

403 2770 504 2814 me
546 2769 675 2813 non
715 2748 875 2812 male
916 2747 1312 2813 intellexisse.
1374 2823 1379 2827 .

561 2846 702 2910 Jam
723 2865 870 2911 vcro
895 2852 1196 2930 quantum
1218 2850 1350 2909 tota
1370 2843 1484 2909 hac
1509 2843 1587 2908 de
1610 2842 1751 2908 idea
1784 2842 1993 2909 iudicii
2021 2844 2438 2930 Areopagitici
2459 2843 2742 2928 disputa-

405 2942 572 3005 tione
595 2939 1048 3024 profecerimus
1082 2948 1180 3004 est
1210 2940 1273 3004 iu
1307 2947 1541 3024 aperto.
1602 2939 1864 3005 Disertis
1895 2940 2059 3005 enim
2090 2940 2294 3006 verbis
2337 2941 2413 3003 ab
2444 2959 2518 3002 ea
2541 2957 2741 3023 quae-

408 3035 628 3112 stione,
671 3035 848 3121 quid
878 3056 993 3099 res
1033 3042 1311 3116 poscat,
1355 3034 1610 3099 alteram
1646 3058 1804 3114 eam,
1847 3035 2222 3123 quomodo
2263 3034 2373 3099 rei
2402 3033 2742 3119 Aeschy-
2781 3046 2792 3052 ·

413 3134 532 3200 lus
575 3128 1083 3210 satisfecerit,-
1110 3136 1244 3195 toto
1288 3130 1461 3195 coelo
1506 3131 1808 3196 diversam
1852 3153 1991 3196 esse
2033 3131 2153 3213 ipsi
2197 3131 2461 3217 professi
2504 3151 2735 3195 sumus.

403 3231 734 3293 Praeterea
775 3248 852 3291 ex
891 3226 1191 3292 memoria
1232 3229 1513 3292 nondum
1555 3226 1735 3290 nohis
1779 3227 2024 3304 excidit,
2066 3249 2182 3291 nos
2212 3249 2290 3291 eo
2321 3225 2585 3291 consilio
2617 3225 2739 3289 dif-

405 3323 737 3388 ficillimam
777 3322 1049 3386 virorum
1093 3322 1420 3387 doctorum
1462 3322 1539 3387 de
1582 3321 1821 3386 ratione
1864 3320 2076 3385 iudicii
2106 3322 2271 3387 illius
2300 3321 2470 3386 litem
2499 3320 2740 3397 adiisse,

403 3426 476 3485 ut
497 3418 641 3483 inde
663 3417 915 3482 demum
939 3437 1100 3501 quae
1124 3418 1276 3482 deae
1301 3426 1467 3484 esset
1496 3419 1560 3483 in
1580 3417 1899 3501 tragoedia
1919 3426 2133 3486 nostra
2157 3417 2451 3495 conditio,
2472 3416 2740 3503 perspici

405 3522 638 3606 posset.
700 3514 965 3579 Videtur
1005 3520 1067 3577 et
1108 3514 1432 3579 consilium
1475 3514 1626 3583 illud
1649 3520 1955 3580 mutatum
1985 3522 2049 3578 et
2075 3534 2267 3599 opera
2301 3520 2510 3575 nostra
2542 3512 2619 3575 ad
2653 3511 2741 3575 ir-

406 3613 590 3679 ritum
635 3609 893 3696 relapsa.
956 3610 1190 3675 Verum
1231 3609 1420 3675 habet
1451 3609 1913 3676 excusationem
1946 3630 2019 3673 ea
2049 3608 2388 3673 temeritas.
2449 3607 2542 3670 Ea
2580 3606 2739 3671 enim

405 3728 591 3792 quam
632 3707 842 3772 animo
884 3706 1036 3771 deae
1079 3705 1406 3789 imaginem
1451 3704 1849 3790 concepimus
1891 3705 2041 3769 nihil
2074 3726 2190 3769 nos
2223 3702 2537 3788 impediet,
2580 3724 2738 3788 quo-

407 3801 612 3868 minus
652 3810 937 3869 accurate
979 3801 1311 3885 imaginem
1341 3803 1417 3867 ab
1448 3802 1754 3888 Aeschylo
1785 3822 2141 3888 expressam
2171 3800 2377 3864 denuo
2407 3799 2737 3884 investige-

408 3917 566 3972 muS,
609 3896 798 3962 immo
839 3906 911 3963 ut
940 3919 1077 3962 eam
1109 3897 1329 3963 melius
1360 3898 1830 3983 perspiciamUS,
1872 3896 2251 3983 comparatio
2283 3893 2524 3959 efficiet.
2587 3896 2736 3959 Tum

406 4014 550 4060 vero
594 3990 827 4055 fontem
870 3992 1086 4070 etiam,
1138 3993 1214 4057 ad
1267 4014 1456 4079 quem
1501 4014 1888 4060 summorum
1929 3995 2203 4060 virorum
2247 3999 2414 4061 certa
2456 3991 2557 4055 illa
2597 4010 2737 4076 per-

415 4088 626 4155 suasio
688 4085 766 4150 de
817 4085 1025 4151 iudicii
1076 4088 1494 4173 Areopagitici
1556 4089 1796 4154 ratione
1847 4089 2093 4166 redeat,
2155 4086 2522 4153 deteximus.
2610 4088 2738 4150 Jam

549 4343 601 4405 ⁴¹)
639 4353 803 4397 Verbo
853 4353 1040 4395 tantum
1090 4352 1381 4397 sententiam
1433 4364 1579 4399 suam
1628 4352 1866 4399 indit-avit
1913 4355 2135 4401 Aestuet.
2186 4358 2238 4401 u.
2284 4368 2335 4410 n.
2374 4352 2458 4401 60.
2531 4352 2735 4397 Eandem

412 4417 568 4463 tuisse
604 4421 861 4475 solgeri
911 4417 1205 4465 sententiam
1251 4421 1481 4475 configere
1531 4423 1717 4478 poteris
1765 4435 1834 4469 ex
1868 4427 1982 4471 loco
2020 4437 2079 4472 eo
2117 4428 2204 4480 qui
2242 4430 2411 4473 exstat
2448 4425 2498 4471 in
2534 4430 2736 4471 censura

412 4488 691 4535 scholarum
726 4488 1084 4545 semegelia
1102 4498 1231 4536 nar.
1307 4489 1429 4545 om».
1471 4494 1519 4538 u.
1559 4504 1606 4548 p.
1647 4491 1765 4540 527.
1806 4491 1928 4543 528.
