2978 4869
1199 202 1639 267 —10-

252 376 331 442 tis
382 375 684 462 Aeschylo
737 375 965 441 exoriri
1016 373 1328 460 potuisse,
1385 375 1438 439 si
1486 395 1587 440 res
1637 372 2037 460 rationesque
2093 381 2220 440 tam
2273 373 2586 460 simpliees

247 481 319 538 et
360 472 475 537 sssii
516 479 902 549 constantes,
953 471 1138 537 cerlis
1187 480 1251 537 et
1291 493 1418 538 non
1459 469 1772 538 mutandis
1821 470 2049 537 finibus
2091 470 2587 558 circumscriptas

252 569 616 635 habuisset?
655 591 864 635 annon
905 569 969 633 in
1011 591 1101 649 eo,
1128 570 1406 636 cernitur
1444 569 1535 636 vis
1563 567 1906 633 notionum
1934 566 2253 633 dialectica
2289 575 2364 633 ut
2405 567 2590 634 simul

255 666 351 732 sui
393 667 516 732 sint
556 666 791 732 indices
832 674 898 731 et
937 666 1248 745 contrarii,
1287 675 1360 733 ut
1400 667 1464 730 in
1507 686 1576 730 se
1617 663 1887 730 inclusas
1935 662 2206 730 habeant
2245 663 2393 728 alias
2433 683 2598 750 quas·

254 763 457 849 primo
498 764 729 828 obtutu
764 763 842 827 ab
884 762 1037 848 ipsis
1078 762 1484 828 alienissimas
1525 761 1724 838 dicas,
1767 760 1968 847 iisque
2010 760 2188 848 quasi
2231 761 2355 826 sint
2393 759 2592 825 refer·-

253 868 353 925 tae
396 869 464 925 et
500 858 822 944 gravidae?
861 861 956 925 Ex
983 860 1175 925 rebus
1214 857 1577 940 simplicitet
1613 857 1735 922 sihi
1765 858 2073 944 oppositis
2102 857 2418 944 quomodo
2460 864 2592 921 ter·—

252 955 341 1022 tia
379 955 579 1042 possit
619 976 820 1042 eaque
862 957 1148 1043 superior
1184 956 1474 1057 eyadere,
1523 953 1814 1041 equidem
1857 975 1986 1019 non
2026 954 2320 1040 intellige.
2402 953 2593 1020 Simi-

254 1053 398 1117 liter
444 1073 652 1138 neque
704 1054 965 1119 Orestes
1015 1054 1135 1119 nisi
1185 1036 1388 1162 p'oena
1437 1073 1476 1116 a
1526 1058 1719 1116 matre
1771 1050 2073 1115 sumenda
2126 1051 2360 1117 crimen
2410 1044 2593 1115 simul

254 1149 695 1227 contraxisset,
754 1150 1071 1235 quomodo
1124 1149 1364 1216 veniam
1418 1147 1629 1235 potius
1688 1168 1875 1257 quam
1926 1146 2271 1232 praemium
2323 1146 2598 1233 potuerit

252 1244 567 1331 accipere,
626 1266 831 1331 neque
894 1244 1045 1310 illud
1097 1244 1216 1309 nisi
1268 1243 1503 1309 crimen
1555 1266 1696 1311 cum
1738 1243 1898 1331 juris
1949 1243 2215 1329 quadam
2267 1244 2475 1333 specie
2532 1242 2596 1307 in

254 1343 543 1407 maritum
584 1341 811 1425 regina
861 1342 1277 1407 commisisset
1335 1341 1654 1428 quomodo
1702 1341 1986 1406 accidere
2037 1339 2338 1427 potuerit,
2398 1339 2595 1407 video.
2703 1400 2734 1421 ,

254 1438 407 1502 lnde
470 1437 676 1524 quoad
739 1456 854 1503 nos
917 1437 1332 1524 Schlegelii
1393 1445 1603 1525 partes
1652 1444 1943 1503 tueamur
1993 1444 2083 1514 et,
2147 1458 2330 1523 spero
2391 1435 2597 1512 etiam,

256 1543 495 1622 quanto
547 1535 627 1600 sit
679 1542 890 1600 nostra
942 1535 1248 1602 sententia
1297 1535 1462 1600 illius
1517 1533 1824 1598 sententia
1874 1533 2291 1615 praestantior
2338 1531 2597 1616 intelligi

256 1632 504 1719 poterit.
566 1632 871 1697 Videlicet
911 1641 1009 1697 est
1041 1634 1091 1696 F
1093 1632 1264 1697 ichtii
1305 1632 1479 1709 illud,
1519 1629 1722 1696 thesin
1763 1650 2084 1715 opponere
2114 1628 2423 1707 antithesi,
2462 1635 2600 1692 ter-

258 1727 533 1814 tiamque
580 1727 677 1793 his
729 1748 1047 1794 assumere
1100 1728 1438 1816 synthesin.
1531 1725 1656 1793 Sed
1707 1727 1906 1813 qualis
1955 1733 2051 1791 est
2095 1726 2215 1791 ista
2263 1722 2598 1812 synthesis!

254 1824 399 1889 talis
438 1845 617 1902 sane,
668 1825 914 1911 qualem
957 1826 1190 1911 patitur
1228 1832 1442 1911 aperta
1489 1832 1557 1890 et
1597 1823 1857 1910 simplex
1897 1823 2226 1888 notionum
2267 1820 2599 1907 oppositio.

258 1922 401 1989 Non
441 1921 732 1987 coalescit
772 1944 912 1988 cum
955 1923 1146 1987 altera
1186 1921 1398 1998 altera,
1442 1921 1552 1987 sed
1593 1927 1814 1986 mutuo
1858 1924 1923 1985 s'e
1951 1919 2331 2004 restringunt
2373 1926 2436 1983 et
2475 1917 2599 1982 im—

258 2017 537 2104 pediunt.
618 2018 791 2084 Idem
852 2017 1066 2086 vitium
1118 2016 1449 2101 Schlegelii
1478 2016 1842 2082 sententiae
1900 2015 2235 2082 adhaerere
2289 2014 2601 2080 neminem

251 2115 380 2201 jam
421 2115 636 2200 fugere
663 2120 895 2200 potest,
933 2134 1051 2179 nec
1093 2113 1357 2199 quadrat
1396 2134 1472 2179 ea
1511 2114 1590 2180 ad
1618 2112 1905 2199 Aeschyli
1935 2120 2132 2178 artem
2176 2112 2296 2177 nisi
2315 2112 2423 2176 -ita
2454 2131 2601 2177 mu-

258 2218 386 2276 tata
423 2219 498 2277 ut
536 2232 572 2275 a
611 2209 794 2275 nobis
834 2231 1002 2274 nunc
1042 2209 1272 2276 factum
1313 2218 1427 2275 est.
1465 2246 1549 2258 -
2291 2285 2293 2287 ,

421 2306 549 2373 Sed
603 2314 797 2372 restat
850 2313 925 2373 ut
985 2307 1063 2372 ad
1113 2308 1372 2373 alteram
1435 2305 1623 2374 etiam
1674 2304 2109 2392 quaestionem
2169 2305 2600 2393 respondeam.

258 2405 330 2472 ld
371 2404 543 2493 quod
581 2403 768 2470 tertio
808 2404 875 2470 in
916 2404 1192 2471 dramate
1235 2404 1436 2490 agitur
1475 2426 1605 2470 non
1640 2402 2187 2490 Clytaemnestram
2228 2402 2464 2484 pariter
2501 2407 2602 2467 at-

256 2524 385 2590 que
439 2502 729 2569 Orestem
780 2501 1093 2584 respicere
1154 2502 1329 2569 vobis
1375 2502 1647 2577 videtur,
1709 2499 1822 2564 sed
1885 2498 2001 2563 soli
2051 2497 2262 2564 Oresti
2325 2519 2441 2579 pro
2502 2499 2605 2563 illa

260 2599 475 2664 matris
526 2600 713 2664 caede
763 2597 864 2663 hic
913 2598 1157 2664 veniam
1209 2597 1341 2662 dari
1393 2595 1789 2663 contenditis
1874 2595 2275 2680 Responsum
2329 2594 2479 2661 mihi
2530 2615 2606 2660 ea

260 2716 359 2761 res
403 2693 756 2780 suppeditat
804 2714 964 2779 quae
1017 2692 1214 2758 oculis
1264 2692 1358 2759 vel
1406 2691 1574 2758 ultro
1625 2712 1694 2756 se
1742 2691 1952 2768 offert,
2015 2691 2092 2756 ab
2143 2690 2435 2756 omnibus
2476 2691 2604 2756 sere

262 2790 711 2874 interpretibus
762 2790 1104 2857 observata.
1187 2790 1327 2857 Non
1378 2789 1586 2855 solum
1637 2787 1932 2855 Orestem
1985 2786 2459 2873 Schlegelius
2520 2785 2608 2851 ait

263 2890 375 2954 sed
422 2895 625 2953 totum
677 2886 855 2972 quasi
906 2908 1102 2970 genus
1153 2886 1499 2952 humanum
1551 2906 1588 2949 a
1635 2884 1811 2949 furiis
1860 2883 2111 2949 liberari
2161 2883 2219 2967 (l.
2262 2883 2300 2947 l.
2344 2904 2405 2968 p.
2445 2883 2603 2968 184).

261 2984 411 3049 Abit
460 2983 721 3048 Orestes
770 2981 1044 3046 criminis
1094 2982 1421 3047 absolutus
1484 3000 1691 3066 neque
1751 2987 1959 3045 tamen
2019 3000 2118 3044 res
2168 2978 2462 3044 dramatis
2513 2987 2610 3045 est

261 3086 512 3168 peracta
572 3077 667 3163 (cf.
720 3076 1041 3142 Mueller
1091 3076 1129 3142 l.
1173 3077 1211 3141 1.
1264 3097 1401 3163 pag.
1452 3076 1611 3161 197).
1692 3075 1866 3155 Quid
1918 3076 2150 3141 multa?
2210 3073 2301 3140 rei
2364 3093 2607 3141 summa

260 3199 467 3265 neque
508 3176 587 3241 ad
627 3172 1109 3260 Agamemnonis
1151 3194 1369 3239 necem
1418 3193 1627 3259 neque
1675 3173 1754 3237 ad
1795 3172 2347 3260 Clytaemnestram
2399 3191 2606 3253 neque

262 3274 340 3339 ad
382 3274 676 3338 Orestem
717 3270 895 3346 redit,
938 3270 1049 3335 sed
1090 3270 1503 3337 humanarum
1544 3289 1756 3336 rerum
1799 3290 1872 3335 ea
1912 3274 2153 3333 tantum
2195 3266 2461 3333 habetur
2499 3288 2606 3333 ra·-

263 3369 351 3434 tio
391 3375 467 3434 ut
502 3365 909 3432 fundamnto
961 3365 1086 3430 sint
1125 3368 1318 3432 rebus
1360 3366 1609 3446 divinis,
1662 3367 1724 3433 id
1773 3374 1871 3433 est
1920 3364 2076 3430 ideis
2130 3383 2291 3451 quae
2333 3364 2502 3430 solae
2545 3363 2608 3428 in

262 3467 388 3534 fine
450 3469 753 3550 apparent
815 3469 881 3527 et
948 3483 1025 3527 ex
1084 3461 1372 3528 humanis
1438 3464 1628 3530 rebus
1695 3463 1873 3551 quasi
1943 3469 2295 3547 emergunt:
2377 3461 2608 3528 crimen

258 3561 519 3629 omnino
562 3567 631 3625 et
669 3580 873 3646 poena
915 3558 1234 3668 quomodo
1282 3561 1460 3627 venia
1515 3561 1656 3627 data
1696 3561 1996 3626 tollantur
2042 3566 2105 3622 et
2146 3557 2305 3624 hanc
2356 3578 2495 3622 esse
2546 3564 2610 3621 et

264 3657 521 3724 crimine
563 3664 631 3722 et
670 3677 872 3742 poena
916 3654 1332 3741 superiorem,
1374 3656 1441 3721 id
1477 3657 1722 3782 trilogia
1763 3656 1881 3721 ista
1919 3676 2289 3741 expressum
2331 3674 2470 3722 esse
2497 3653 2608 3719 sa—

263 3755 556 3821 tebimur.

422 3852 496 3914 In
537 3849 971 3916 Promethei
1024 3870 1170 3917 vero
1223 3847 1467 3935 trilogia
1519 3848 1757 3916 facilius
1809 3848 1996 3914 etiam
2037 3848 2100 3913 in
2144 3846 2312 3913 hunc
2353 3848 2608 3915 modum

264 3952 690 4033 comparatum
734 3968 873 4012 esse
915 3953 1138 4056 poetae
1181 3944 1510 4013 consilium
1549 3943 1955 4012 concesseris.
2035 3944 2158 4010 Dei
2205 3944 2374 4010 enim
2415 3965 2610 4032 quim

266 4045 383 4112 soli
413 4043 514 4109 hic
544 4049 747 4128 agant,
777 4043 904 4108 ab
886 4043 1037 4130 ipsis
1065 4043 1255 4109 rebus
1288 4043 1476 4129 gestis
1508 4042 1586 4108 ad
1616 4041 1867 4107 ideam
1851 4064 1916 4106 m
1933 4041 2155 4107 altiore
2185 4041 2324 4108 loco
2345 4041 2609 4127 positam

267 4164 394 4208 non
437 4161 598 4222 opus
641 4146 736 4204 est
775 4146 847 4206 ut
884 4140 1315 4207 ascendamus.
1396 4139 1524 4205 fflis
1565 4159 1730 4226 quae
1770 4138 2090 4218 accidunt,
2131 4138 2217 4204 illi
2259 4160 2420 4225 quae
2463 4157 2611 4224 per—

266 4246 459 4324 agunt
499 4239 579 4304 ab
618 4236 815 4322 ipsius
857 4236 1031 4302 ideae
1073 4237 1347 4304 motibus
1389 4259 1518 4304 non
1559 4237 1878 4314 differunt,
1929 4236 2013 4301 ita
2061 4244 2133 4302 nt
2182 4236 2334 4300 baec
2385 4234 2450 4299 in
2492 4233 2610 4298 illis

269 4335 404 4421 ipsa
464 4342 753 4401 cernatur
810 4341 876 4399 et
936 4333 1115 4420 quasi
1176 4335 1463 4403 manibus
1526 4333 2102 4422 comprehendatur.
2195 4332 2290 4395 De
2353 4329 2611 4415 singulis

271 4430 455 4511 primi
497 4430 790 4498 dramatis
835 4430 1039 4498 scenis
1090 4431 1240 4497 satis
1292 4434 1524 4511 securi,
1573 4433 1640 4500 id
1690 4438 1931 4499 tantum
1980 4437 2296 4504 tenemus,
2346 4427 2611 4493 Prome-

278 4526 492 4594 theum
531 4527 618 4596 ibi
662 4529 829 4598 furto
854 4526 1186 4598 commisso
1208 4529 1378 4600 Jovis
1421 4531 1539 4598 sibi
1571 4529 1920 4600 inimicitias
1944 4523 2343 4604 contraxisse,
2387 4546 2422 4590 a
2450 4524 2610 4590 Pro-
