2978 4869
1240 191 1685 259 ...45-

294 370 495 436 multo
544 375 750 433 tamen
801 372 866 431 et
906 364 1343 451 simpliciorem
1395 372 1458 429 et
1497 362 1692 448 magis
1731 361 2108 443 Euripideae
2151 360 2403 426 dictioni
2446 382 2632 427 acco·-

297 466 605 531 modatam
646 463 851 528 dicere
891 483 1018 526 non
1058 460 1341 546 dubito.)

457 562 690 627 Verum
753 579 834 623 ne
897 556 1047 643 quid
1106 576 1383 642 unquam
1444 576 1572 620 non
1639 555 1993 621 cautissime
2054 574 2236 639 agere
2298 552 2632 628 videamur,

300 659 449 724 satis
485 658 607 722 iam
645 656 696 720 si
741 653 888 719 nihil
927 652 1126 719 valere
1166 653 1337 717 locos
1363 650 1681 732 Euripidis
1718 651 1794 716 ad
1833 650 2193 717 firmandam
2232 647 2633 714 Fritzschii

300 753 672 821 sententiam
724 751 988 815 libenter
1037 769 1256 814 omnes
1314 747 1690 822 concedant,
1753 746 2147 831 profecimus
2248 745 2410 811 Sunt
2467 743 2633 813 enim

294 849 519 914 dubiae
561 844 1118 932 interpretationiS,
1158 844 1243 908 ita
1283 841 1568 930 quidem,
1595 848 1688 907 ut
1729 841 1779 906 si
1820 842 2117 908 alterutra
2157 842 2384 907 certior
2423 840 2634 907 videa-

296 952 399 1010 tur
439 943 788 1026 explicatio,
830 962 903 1005 ea
945 941 1025 1005 sit
1064 947 1277 1005 nostra
1317 939 1527 1025 potius
1569 958 1755 1025 quam
1796 937 2223 1003 Fritzschii.

451 1040 788 1126 Superest,
847 1045 919 1103 ut
967 1037 1042 1101 de
1092 1035 1183 1101 eis
1232 1035 1384 1100 locis
1435 1035 1711 1101 dieamus
1757 1055 1926 1121 quos
1978 1033 2259 1099 certatim
2309 1040 2632 1119 praeterea

292 1135 406 1202 viri
455 1134 623 1199 docti
671 1134 852 1200 nobis
903 1131 1316 1218 suppeditant.
1400 1130 1651 1210 Quanta
1703 1152 1848 1197 vero
1889 1131 2039 1195 insit
2079 1130 2154 1195 ad
2197 1131 2634 1196 demonstran-

292 1231 442 1296 dum
491 1230 579 1298 vis
621 1233 683 1295 in
735 1230 996 1296 aliorum
1040 1229 1410 1313 scriptorum
1453 1227 1607 1292 locis
1649 1226 1741 1294 vel
1782 1249 1858 1292 ex
1900 1247 1976 1292 eo
2019 1227 2250 1304 elucet,
2312 1225 2480 1312 quod
2522 1245 2634 1311 par

300 1326 433 1391 fere
473 1326 909 1393 auctoritatum
951 1344 1249 1390 numerus
1292 1323 1355 1387 in
1394 1331 1724 1410 utramque
1773 1330 2011 1409 partem
2054 1322 2200 1388 abit.
2279 1323 2474 1406 Igitur
2514 1343 2637 1387 no-

293 1423 390 1487 bis
434 1443 690 1508 quoque
730 1421 1043 1488 Minervae
1076 1418 1331 1496 calculo,
1374 1419 1435 1484 id
1477 1425 1573 1484 est
1611 1419 1862 1496 iudicio,
1904 1440 2064 1505 opus
2107 1427 2229 1493 est:
2271 1439 2475 1504 neque
2517 1438 2636 1482 au—

293 1518 684 1583 ctoritatibus
744 1517 854 1582 sed
914 1515 1260 1581 rationibus
1320 1522 1417 1580 est
1476 1515 1996 1581 contendendum.
2106 1518 2340 1581 Verum
2404 1514 2634 1580 iudicio

289 1614 476 1679 etiam
528 1614 589 1677 in
641 1613 1081 1680 auctoritatum
1133 1631 1398 1676 censura
1444 1611 1621 1677 locus
1679 1610 1876 1676 datur.
1968 1612 2210 1695 Negant
2261 1611 2367 1696 qui
2422 1619 2635 1675 contra

290 1708 738 1775 Muellerum
792 1715 986 1787 stant,
1047 1706 1309 1781 eandem
1359 1726 1500 1771 esse
1551 1728 1767 1771 eorum
1817 1706 1925 1791 qui
1977 1728 2091 1792 pro
2142 1707 2275 1792 ejus
2331 1706 2635 1772 sententia

292 1810 462 1869 recte
505 1803 838 1869 laudentur
878 1810 941 1867 et
982 1823 1200 1868 eorum
1243 1800 1634 1886 dignitatern,
1696 1801 1805 1886 qui
1846 1801 1998 1887 ipsis
2041 1810 2420 1867 succurrant.
2502 1803 2634 1869 Ne-

288 1907 432 1985 gant
450 1899 704 1965 Aristidi
739 1899 805 1985 (1.
846 1919 906 1984 p.
929 1903 1009 1963 24
1050 1898 1246 1983 Cant.)
1289 1906 1352 1963 et
1402 1898 1651 1962 Juliano
1695 1897 1825 1982 (Or.
1846 1899 1953 1961 111.
1995 1919 2056 1984 p.
2082 1901 2212 1963 114.
2260 1901 2337 1962 D.
2380 1898 2631 1984 Spanh.)

291 1995 517 2080 ineptis
579 1996 811 2081 qnippe
868 1992 1225 2060 rhetoribus
1283 2002 1524 2060 tantum
1592 1992 1988 2060 tribuendum
2049 2015 2188 2060 esse
2247 1994 2632 2061 auctoritatis

290 2098 592 2178 quantum
633 2089 906 2156 Luciano
950 2089 1190 2174 (Piscat.
1233 2112 1326 2176 cp.
1348 2099 1419 2156 21
1469 2097 1534 2156 et
1562 2089 1924 2155 Harmonid.
1967 2112 2060 2176 cp.
2102 2097 2141 2156 3
2184 2090 2324 2175 ext.)
2367 2090 2629 2176 eleganti

290 2195 364 2254 ut
432 2187 646 2253 dicunt
723 2194 790 2252 et
854 2193 1144 2252 accurato
1214 2187 1596 2272 antiquitatis
1672 2186 2110 2271 investigatori.
2222 2187 2392 2266 Quid
2451 2190 2632 2254 vero?

289 2305 497 2349 nonne
559 2284 622 2347 in
673 2305 752 2347 eo
804 2282 940 2367 ipso
1003 2281 1237 2368 ineptia
1294 2282 1600 2369 quaedam
1651 2282 1956 2348 rhetorica
2020 2282 2323 2361 cernitur,
2387 2283 2437 2347 si
2491 2282 2631 2369 quis

287 2379 572 2447 universe
613 2379 698 2444 ita
739 2386 804 2445 et
843 2377 1181 2464 generatim
1225 2378 1531 2444 declamat
1570 2379 1646 2444 de
1689 2377 1914 2465 ineptis
1953 2378 2354 2448 rhetoribus?
2406 2400 2631 2446 verene

287 2483 385 2541 est
433 2476 699 2542 accurati
751 2474 1136 2560 antiquitatis
1198 2474 1651 2560 investigatoris
1701 2476 2074 2554 Lucianum,
2135 2476 2259 2541 acsi
2310 2497 2630 2562 nunquam

287 2579 580 2650 errasset,
622 2572 1011 2640 verissimum
1056 2571 1261 2636 statim
1298 2579 1365 2636 et
1396 2571 1635 2658 ubique
1663 2579 1884 2637 testem
1913 2572 2337 2656 proclamare?
2385 2571 2631 2651 Quam-

289 2669 501 2733 obrem
554 2667 894 2754 sapientius
953 2667 1149 2733 multo
1200 2667 1366 2734 haud
1419 2667 1607 2733 dubie
1677 2668 1978 2753 egissent,
2038 2668 2087 2733 si
2159 2668 2630 2735 auctoritatibus

287 2763 421 2829 istis
461 2763 757 2848 utrinqne
801 2762 996 2828 allatis
1037 2763 1238 2828 valere
1271 2763 1463 2848 jussis
1504 2764 1580 2828 ad
1622 2764 1754 2829 sola
1793 2763 2076 2849 Aeschyli
2119 2765 2304 2830 verba
2345 2772 2406 2851 et
2446 2784 2630 2828 men-

287 2866 412 2922 tem
446 2869 528 2935 et,
571 2858 622 2922 si
659 2879 820 2944 quae
851 2858 968 2923 alia
1002 2858 1264 2924 certiora
1292 2858 1657 2925 habuissent
1681 2859 2053 2938 testimonia,
2097 2861 2172 2924 ad
2191 2860 2345 2925 haec
2375 2881 2441 2925 se
2472 2863 2629 2925 c'on-

287 2954 580 3019 tulissent
607 2952 1033 3018 examinanda.
1103 2955 1196 3021 Ne
1239 2954 1428 3041 igitur
1467 2977 1608 3022 cum
1647 2955 1770 3020 illis
1813 2954 2083 3041 insipere
2123 2955 2458 3034 videamur,
2499 2979 2626 3022 non

288 3051 485 3134 magis
520 3071 634 3113 nos
677 3070 864 3134 quam
905 3049 1373 3117 Wieselerns
1413 3051 1857 3117 Philostratum
1901 3052 2060 3136 (Vita
2100 3052 2289 3138 Soph.
2331 3054 2399 3117 L.
2441 3055 2517 3117 ll.
2562 3054 2626 3117 in

174 3217 179 3222 ¹
284 3145 591 3210 Aristocle
632 3165 731 3230 pg.
774 3149 891 3209 566
940 3148 1016 3208 Α.
1059 3146 1153 3211 ed.
1195 3148 1393 3229 Mor.)
1439 3155 1505 3212 et
1541 3148 1809 3213 Dionem
1855 3147 2139 3213 Cassium
2183 3149 2297 3232 (15,
2341 3148 2436 3233 19)
2480 3170 2624 3214 mo-

283 3262 520 3316 ramur:
573 3263 688 3307 nec
741 3239 1061 3306 Ciceronis
1108 3242 1248 3307 loco
1307 3243 1448 3329 (pro
1489 3242 1725 3309 Milone
1766 3249 1824 3321 3,
1866 3242 1954 3328 8.)
2002 3251 2240 3309 tantum
2293 3244 2625 3312 tribuimus

285 3344 585 3423 quantum
638 3336 1105 3403 Wieselerns
1147 3335 1233 3424 (p.
1259 3338 1422 3422 146.)
1514 3341 1585 3402 ln
1635 3361 1763 3404 uno
1813 3347 2054 3405 tantum
2109 3341 2247 3407 loco
2298 3343 2374 3407 ab
2426 3344 2625 3407 Her-

282 3453 546 3496 manno
589 3432 836 3497 laudato
878 3441 1207 3520 propterea
1235 3434 1382 3521 quia
1408 3435 1568 3501 ratio
1609 3436 1673 3500 in
1716 3457 1793 3502 eo
1835 3438 2246 3502 examinando
2286 3437 2622 3522 plurimum

279 3527 458 3604 valet,
499 3547 756 3592 necesse
798 3536 913 3607 est,
953 3538 1025 3595 ut
1065 3552 1232 3595 nunc
1272 3530 1456 3595 etiam
1501 3532 1814 3618 aliquanto
1854 3533 2085 3599 diutius
2113 3554 2448 3599 versemur.
2509 3535 2623 3596 Est

281 3622 335 3686 is
378 3622 745 3689 scholiastae
796 3623 876 3689 ad
914 3625 1166 3691 Aristid.
1208 3626 1256 3689 1.
1300 3633 1444 3703 108,
1498 3635 1590 3694 10.
1633 3650 1693 3713 p.
1737 3634 1854 3695 428
1904 3629 2000 3693 ed.
2040 3630 2311 3693 Fromm.
2404 3628 2622 3712 (Her-

282 3739 520 3783 mann.
564 3717 601 3781 l.
648 3718 686 3783 l.
730 3741 828 3805 pg.
875 3721 1030 3804 189.)
1122 3721 1407 3805 Pingitur
1459 3722 1558 3787 hic
1609 3724 1936 3789 duodecim
1987 3724 2246 3789 deorum
2297 3724 2622 3791 fuisse‘de

278 3834 465 3879 causa
506 3813 753 3881 Orestis
786 3815 1119 3901 judicium,
1162 3816 1534 3904 additurque
1575 3827 1907 3905 propterea
1948 3822 2113 3887 hunc
2153 3820 2401 3900 vicisse,
2452 3823 2622 3909 quod

279 3909 412 3994 ipse
455 3911 730 3976 mortalis
772 3911 1030 3976 totidem
1083 3913 1369 3998 suffragia
1418 3915 1764 4002 accepisset
1812 3924 1969 4002 quot
2006 3917 2417 3999 Eumenides,
2470 3922 2621 3985 deae

278 4005 676 4071 immortales.
762 4006 952 4086 Quod
995 4010 1307 4093 quomodo
1349 4010 1440 4077 vir
1479 4011 1699 4077 doctus
1755 4011 1817 4075 in
1860 4032 2033 4077 suam
2079 4016 2447 4080 sententiam
2487 4023 2620 4078 tra—

275 4099 423 4166 here
466 4102 760 4186 potuerit,
803 4102 1093 4189 equidem
1134 4126 1258 4169 non
1302 4107 1500 4172 video.
1581 4106 1764 4172 Ratio
1817 4108 1983 4173 enirn
2025 4109 2209 4197 hujus
2251 4108 2620 4177 narrationis
2737 4166 2744 4170 ,

417 4292 467 4352 ⁰)
503 4298 640 4345 Sans
677 4298 726 4343 in
765 4305 939 4354 aperto
976 4305 1070 4361 est,
1108 4301 1207 4349 loci
1241 4302 1352 4358 Jpn.
1388 4303 1513 4349 Tau.
1550 4298 1681 4377 894:

1332 4390 1406 4403 ·-·-
1440 4391 1512 4401 —
1546 4393 1619 4404 -—
1653 4384 1782 4427 ισας
1818 4360 1878 4419 δέ
1913 4391 2013 4434 μοι.

837 4423 997 4501 ψήφο
1002 4440 1142 4493 υςδ
1143 4453 1247 4503 ιηρι
1227 4429 1438 4499 ῤ’μησε
1475 4430 1711 4499 Παλλὰς
1747 4428 1923 4503 ωλιὲνῃ
1962 4465 2030 4477 -

269 4507 474 4554 eandem
511 4518 629 4555 esse
662 4507 1003 4556 conditionem.
1041 4531 1112 4541 —
