2978 4869
1241 156 1679 221 -23-

284 352 478 413 μονα
521 324 767 393 καινὸν
807 323 943 409 περὶ
985 324 1069 390 τοὶ
1113 324 1562 411 οἷμφιόρόμια,
1618 327 1702 402 ὥς
1756 326 1810 391 sc'
1865 326 2047 410 ἔλεγε
2090 324 2210 391 τὸν
2251 321 2625 410 γενέθλιον.

284 418 690 506 Tragoediam
712 418 921 483 »istam
972 417 1280 502 gravidam
1330 418 1599 505 primum
1647 418 1819 504 (lgm.
1862 417 2029 503 209.)
2071 425 2205 484 tum
2243 439 2283 482 a
2322 419 2478 486 Jove
2519 417 2624 481 in-

284 519 619 581 tert'actam¹
646 513 999 580 exhibuisse
1040 513 1359 593 Semelen,
1408 522 1623 581 natum
1666 514 1935 600 denique
1977 522 2043 578 et
2085 522 2393 581 servatum
2434 533 2512 577 ex
2552 531 2628 576 ea

284 609 588 679 moriente
628 609 940 675 Bacchum
991 631 1106 696 pro
1158 617 1329 675 certo
1378 609 1592 676 haberi
1642 618 1864 696 potest.
1946 610 2153 674 Homo
2195 630 2385 695 porro
2428 626 2627 694 quum

285 706 508 792 dignus
549 705 756 772 nullus
797 704 1046 772 habitus
1087 715 1254 772 esset
1292 713 1507 772 natum
1548 706 1886 793 deumlqui
1929 727 2004 771 ex
2034 725 2207 770 more
2242 703 2626 770 Graecorum

283 800 448 867 circa
495 801 704 868 focum
758 804 979 880 ferret,
1030 802 1107 867 ad
1157 800 1291 873 hoc,
1324 802 1531 888 ipsum
1580 803 1948 867 daemonem
1988 799 2505 886 Amphidromum
2545 796 2625 861 ab

281 895 587 983 Aeschylo
640 918 778 962 esse
820 896 1238 983 excogitatum
1282 918 1413 963 non
1468 898 1602 963 sine
1644 897 1914 964 veritatis
1953 896 2160 982 specie
2180 894 2625 963 Welckerus

281 990 610 1077 conjecitf)
702 993 894 1072 Quod
945 993 996 1059 si
1049 1000 1216 1059 certo
1270 992 1598 1071 sciremuS,
1667 992 1982 1078 egregium
2038 992 2415 1057 haberemus
2474 987 2625 1055 artis

166 1108 183 1117 ‘
279 1086 659 1174 Aeschyleae
709 1089 1061 1175 exemplum
1114 1109 1239 1175 qua
1285 1088 1378 1155 vel
1432 1089 1832 1156 tenuissimas
1874 1095 1939 1152 et
1979 1086 2463 1174 simplicissimas
2502 1105 2626 1150 no-

278 1183 484 1248 tiones
528 1204 787 1270 corpore
830 1185 1009 1271 quasi
1051 1183 1291 1251 vestivit
1339 1191 1404 1248 et
1443 1185 1522 1250 ad
1563 1183 1897 1253 oculorum
1930 1203 2184 1249 sensum
2228 1180 2626 1262 revocavit.““)

279 1278 576 1346 Ceterum
633 1280 1114 1366 symbolicam
1163 1278 1278 1343 hac
1329 1279 1394 1343 in
1443 1301 1514 1345 re
1564 1301 1708 1345 eum
1768 1286 2056 1345 secutum
2120 1299 2258 1344 esse
2319 1275 2626 1342 rationem

278 1376 783 1440 concederemus.
881 1375 1063 1442 Nuda
1133 1373 1298 1439 enim
1359 1374 1459 1440 illa
1529 1372 2001 1443 circumferendi
2058 1374 2232 1439 notio
2294 1369 2627 1458 significari

280 1470 536 1557 quidem
588 1469 1047 1555 quodammodo
1100 1470 1210 1535 sed
1271 1491 1398 1536 non
1448 1478 1582 1535 tota
1640 1477 1775 1535 toto
1824 1470 1925 1534 dei
1988 1469 2310 1556 cujusdam
2364 1487 2626 1553 corpore

276 1565 541 1652 exprimi
582 1564 803 1652 potuit.
886 1565 1012 1631 Sed
1055 1586 1250 1652 quum
1293 1572 1461 1631 certa
1504 1564 1919 1651 omnibusque
1960 1566 2239 1651 partibus
2280 1565 2459 1629 firma
2498 1583 2626 1626 non

278 1662 363 1727 sit
399 1660 788 1726 Welckeri
830 1660 1214 1746 conjectura,
1275 1661 1579 1727 mittimus
1621 1661 1806 1726 deum
1847 1660 2066 1740 istum,
2118 1662 2183 1726 id
2229 1666 2473 1727 tantum
2523 1665 2626 1722 te-

276 1764 530 1834 nenteS,
581 1755 659 1821 ab
701 1754 1006 1842 Aeschylo
1049 1776 1195 1821 eum
1237 1755 1651 1840 excogitatum
1697 1757 1759 1819 in
1802 1777 2050 1821 scenam
2101 1777 2240 1821 esse
2279 1756 2625 1820 inductum.

273 1852 490 1919 Missis
539 1851 833 1936 deinceps
880 1851 1014 1917 aliis
1067 1850 1254 1916 etiam
1306 1871 1467 1938 quae
1518 1850 1641 1916 huc
1694 1851 1837 1938 quis
1895 1848 2139 1915 trahere
2188 1852 2360 1928 velit,
2428 1869 2625 1937 quum

276 1947 484 2011 minus
535 1952 748 2032 aperte
798 1946 993 2012 solius
1047 1954 1271 2032 poetae
1322 1947 1742 2014 inventionem
1806 1946 2070 2031 prodant
2117 1945 2221 2028 (cf.
2271 1946 2621 2011 Klausen.

274 2041 316 2106 l.
358 2041 396 2104 l.
438 2062 534 2126 pg.
560 2040 696 2125 134)
739 2041 816 2106 ad
857 2062 929 2106 ea
969 2041 1092 2107 iam
1133 2063 1250 2107 nos
1293 2041 1727 2119 convertimus,
1771 2062 1932 2128 quae
1976 2041 2219 2127 imperii
2260 2062 2298 2105 a
2339 2040 2517 2128 po'esi
2559 2038 2623 2105 in

274 2135 574 2222 religione
617 2136 873 2204 exerciti
916 2138 1173 2221 gradum
1217 2138 1561 2204 secundum
1602 2136 1852 2203 efficere
1894 2137 2345 2204 contendimus.

1371 2298 1424 2370 S.
1467 2298 1523 2360 7.

302 2456 312 2462 ·
431 2423 508 2487 ΙΙ.
590 2422 729 2490 sam
771 2421 962 2507 igitur
1002 2421 1103 2488 dei
1147 2429 1322 2502 sunt,
1373 2444 1535 2511 quos
1584 2423 1800 2509 religio
1853 2425 2140 2491 manibus
2183 2424 2360 2511 quasi
2402 2429 2625 2510 po'etae

268 2518 583 2584 ornandos
635 2526 702 2583 et
748 2519 1080 2583 mutandos
1130 2518 1334 2584 tradit.
1417 2518 1745 2585 Latissime
1798 2542 1873 2587 ea
1912 2513 2021 2586 *res
2073 2528 2273 2603 patet,
2326 2540 2513 2607 quam
2553 2524 2628 2585 ut

271 2612 510 2680 facilius
552 2622 619 2678 et
659 2614 843 2680 simul
884 2613 1232 2680 accuratius
1274 2634 1722 2699 cognoscamus
1765 2615 2063 2684 divisione
2105 2637 2267 2698 opus
2309 2623 2422 2681 est.
2473 2613 2624 2679 Pla-

272 2717 372 2774 cet
412 2729 590 2787 vem,
630 2709 822 2776 immo
863 2729 966 2774 res
1007 2710 1143 2794 ipsa
1163 2709 1362 2794 jubet,
1404 2709 1489 2773 ita
1519 2711 1729 2775 omnia
1770 2712 2057 2798 amplecti
2103 2733 2264 2798 quae
2306 2711 2430 2777 huc
2470 2729 2624 2796 per-

270 2805 503 2882 tinent,
563 2811 639 2869 ut
683 2804 1002 2891 primum
1053 2802 1314 2868 formam
1365 2823 1504 2868 eam
1554 2804 1705 2869 Deis
1756 2806 2311 2873 animadvertamus
2362 2804 2624 2890 adapta-

266 2908 398 2964 tam
441 2918 630 2985 quam
673 2898 725 2963 si
768 2907 1154 2965 externam
1196 2899 1427 2964 dixeris
1467 2919 1595 2963 non
1636 2899 1819 2964 nimis
1870 2921 1972 2965 me
2013 2908 2463 2987 repugnantem
2504 2897 2622 2963 ha-

268 2995 467 3072 bebis,
508 2994 789 3059 habitum
828 2994 987 3072 dico,
1030 2995 1317 3061 vestitum
1360 3001 1548 3081 atque
1591 3002 1879 3062 ornatum
1920 3017 2049 3084 quo
2093 2995 2428 3063 instructos
2470 2996 2622 3060 deos

270 3089 336 3153 in
391 3109 639 3154 scenam
690 3086 1035 3175 Aeschylus
1086 3089 1398 3157 induxerit
1469 3098 1621 3155 tum
1696 3112 1840 3157 vero
1898 3092 2256 3176 tragoediae
2321 3099 2386 3156 et
2438 3090 2620 3154 trilo-

268 3185 403 3270 giae
446 3184 646 3269 leges,
687 3183 979 3263 formam,
1023 3184 1075 3249 si
1116 3185 1235 3263 viS,
1277 3185 1647 3249 internam
1689 3185 1806 3249 diis
1846 3187 2167 3252 videamus
2208 3185 2579 3271 impositam.

426 3280 544 3364 (ΙΙ.)
627 3289 683 3345 1.
746 3280 936 3359 Quod
981 3281 1058 3346 ad
1100 3281 1161 3345 id
1203 3280 1423 3345 attinet
1465 3279 1566 3345 cui
1609 3280 1879 3366 primum
1922 3280 2204 3355 dedimus
2246 3281 2452 3348 locum
2496 3280 2620 3346 mi—

266 3395 390 3439 nus
433 3374 495 3439 id
537 3375 936 3441 dramaticum
980 3397 1196 3463 quam,
1237 3385 1310 3442 ut
1348 3376 1542 3444 verbo
1578 3383 1748 3454 utar,
1793 3377 2112 3462 plasticam
2154 3385 2378 3463 po‘etae
2422 3383 2618 3442 artem

266 3469 536 3556 respicit.
617 3470 759 3538 Non
802 3479 928 3535 tam
969 3477 1196 3553 poetae
1238 3472 1302 3537 in
1355 3493 1432 3536 eo
1475 3471 1792 3556 ingenium
1844 3473 2076 3550 elucet,
2127 3494 2313 3558 quam
2365 3472 2617 3538 artificis

267 3571 612 3630 statuarum
647 3565 1019 3631 confectioni
1050 3567 1261 3632 dediti.
1334 3567 1685 3633 Videndum
1727 3578 1936 3635 autem
1980 3576 2045 3632 et
2085 3589 2278 3653 quae
2321 3580 2385 3632 et
2425 3588 2615 3653 qua-

266 3661 376 3726 les
419 3659 658 3727 divinae
699 3682 1004 3747 personae
1047 3684 1124 3728 ex
1166 3662 1413 3728 officina
1455 3662 1592 3748 ejus
1633 3664 1992 3750 prodierint.
2058 3663 2201 3741 Qua
2230 3664 2306 3728 de
2329 3685 2396 3728 re
2420 3684 2613 3750 quum

268 3755 584 3823 scenicum
624 3764 990 3843 apparatum
1034 3765 1178 3823 ante
1222 3757 1438 3824 oculos
1480 3779 1607 3824 non
1647 3758 1988 3825 habeamus
2019 3779 2332 3843 perpauca
2373 3767 2612 3827 tantum

267 3872 345 3915 ex
388 3850 584 3935 ipsius
628 3853 947 3939 scriptoris
987 3852 1190 3920 verbis
1233 3852 1538 3938 conjicere
1582 3854 1742 3934 licet.

431 3944 558 4022 Qui
609 3947 798 4030 igitur
845 3950 945 4014 dei
997 3971 1073 4015 ex
1125 3950 1301 4015 coelo
1356 3949 1420 4014 in
1472 3970 1721 4015 scenam
1764 3949 2092 4014 abierunt?
2158 3951 2340 4018 Multi
2385 3974 2533 4017 sane
2578 3972 2612 4013 a

263 4044 418 4109 Jove
461 4040 722 4125 Optimo
762 4043 1036 4130 Maximo
1087 4067 1290 4133 usque
1343 4046 1420 4110 ad
1471 4044 1784 4132 Nymphas
1826 4043 2163 4111 maritimas
2214 4047 2457 4133 aliaque
2510 4046 2609 4109 in-

268 4139 449 4205 fimae
492 4137 678 4204 sortis
720 4138 988 4205 numina.

410 4299 468 4359 *J
505 4309 538 4353 1.
577 4308 613 4352 1.
650 4318 732 4363 pg.
772 4304 874 4355 829
912 4310 1039 4355 adde
1075 4312 1383 4363 Droysen.
1422 4308 1472 4353 in
1509 4319 1643 4356 vers.
1682 4319 1763 4364 με.
1804 4306 1926 4357 479.
1964 4307 2087 4358 48⁰.

405 4367 494 4430 ”J
531 4376 596 4423 cf.
632 4388 764 4432 quae
813 4379 874 4426 de
918 4382 1015 4427 hac
1061 4391 1117 4426 re
1162 4388 1197 4425 a
1230 4378 1561 4425 schoolllo
1608 4384 1724 4428 sunt
1769 4385 2009 4428 annotata
2054 4382 2086 4426 ι.
2124 4379 2160 4423 1.
2198 4386 2282 4432 ηε.
2322 4371 2441 4424 484.
2483 4371 2602 4423 4³³.

265 4454 314 4496 et
349 4445 481 4495 infra
515 4446 568 4504 S.
608 4444 691 4498 11.
