2978 4869
1292 204 1730 276 ...57-...

343 390 438 455 dis
489 385 772 473 exemplo
790 386 843 466 ¹)
910 382 1216 449 incertum
1268 381 1594 447 Furiarum
1651 377 1983 447 nu'merum
2039 379 2104 442 in
2160 377 2377 444 eadem
2434 394 2503 441 re
2557 393 2682 461 qua

342 492 472 550 tres
533 489 713 549 antea
774 484 1364 551 commemoraverat
1425 476 1493 541 in
1548 478 1682 559 Iph.
1746 477 1899 541 Tau.
1964 478 2081 540 897
2113 530 2116 533 .
2144 493 2273 559 seq.
2336 469 2681 547 statuentis,

345 600 534 667 quam
586 596 806 664 parum
849 573 966 639 sibi
1008 573 1402 639 constiterint
1449 571 1566 637 hac
1606 570 1683 636 de
1732 593 1799 637 re
1849 576 2122 646 veteres,
2176 574 2534 654 quantaque
2577 564 2683 630 fu·-
2793 622 2808 630 ,

342 674 504 740 erint
539 672 675 738 iura
716 676 1077 752 promarum
1119 668 1431 753 probaret.
1502 666 1629 733 Sed
1670 665 1912 751 gravius
1953 663 2159 750 potuit
2197 662 2261 727 id
2302 662 2365 726 in
2404 659 2685 745 Aeschy-

343 769 472 836 lum
524 768 756 833 crimen
810 766 1060 842 cadere‚
1133 763 1303 850 quod
1341 761 1831 827 Atheniensibus
1880 780 1996 845 pro
2045 759 2245 824 tribus
2297 754 2462 842 apud
2512 755 2685 836 ipsos

346 884 525 929 sacro
583 862 647 926 in
708 861 847 927 loco
907 859 1328 925 habitantibus
1385 855 1841 924 Eumenidibus
1903 852 2257 940 quindecim
2282 853 2357 933 ”)
2426 850 2685 916 dederit.

342 959 551 1025 Facile
593 957 761 1023 enim
802 963 1051 1043 praeter
1097 962 1225 1021 tres
1268 955 1449 1032 istaS‚
1502 953 1652 1033 alias
1693 971 1948 1038 quoque
1995 948 2141 1015 alibi
2180 947 2401 1015 Furias
2442 952 2688 1012 exstare

343 1054 631 1140 opinatos
674 1074 813 1119 esse
856 1050 1269 1117 Athenienses
1310 1048 1537 1136 aliquis
1580 1047 1697 1114 sibi
1739 1045 2137 1132 persuaserit,
2177 1042 2345 1111 haud
2384 1041 2468 1107 ita
2509 1040 2688 1106 facile

342 1170 552 1236 aequo
603 1148 812 1214 animo
860 1149 913 1212 si
966 1147 1108 1234 quis
1156 1146 1369 1232 plures
1409 1143 1677 1210 Athenis
1728 1141 2006 1208 habitare
2054 1139 2332 1218 fecisset,
2398 1136 2518 1202 hoc
2578 1155 2689 1202 eos

341 1245 561 1310 tulisse
623 1240 972 1309 crediderit.
1085 1240 1248 1307 Sunt
1311 1240 1526 1327 itaque
1592 1238 1702 1325 qui
1770 1259 1851 1304 ne
1921 1235 2285 1321 religionem
2344 1231 2689 1319 Aeschylus

342 1339 606 1406 violasse
645 1338 927 1406 videatur
966 1335 1137 1402 omni
1180 1355 1374 1423 opera
1414 1334 1659 1402 efficere
1700 1339 2021 1400 conentur.
2102 1332 2245 1402 Non
2286 1329 2509 1397 eodem
2549 1328 2691 1393 loco

345 1435 720 1520 Aeschylum
762 1453 978 1498 omnes
1019 1428 1269 1511 Furias,
1319 1430 1428 1497 sed
1467 1437 1596 1496 tres
1636 1436 1878 1495 tantum
1919 1427 2221 1514 proprias,
2261 1425 2532 1512 reliquas
2573 1423 2692 1489 ha-

345 1551 486 1597 rum
522 1528 912 1594 administras
948 1525 1241 1592 habuisse
1282 1525 1684 1592 contendunt.
1746 1523 1910 1590 Satis
1952 1522 2141 1588 etiam
2182 1528 2291 1588 aut
2326 1522 2448 1587 hoc
2489 1521 2696 1607 ipsum

346 1631 456 1691 aut
513 1622 766 1689 ternarii
825 1622 1069 1690 numeri
1121 1621 1510 1691 sanctitatem
1560 1620 1867 1686 indicasse
1930 1625 2180 1705 po‘etam
2223 1615 2692 1683 Fritzschius

343 1719 626 1800 dicitffl)
714 1718 842 1784 Sed
893 1717 1315 1783 F·ritzschio
1366 1723 1609 1782 tantum
1656 1713 2015 1801 hujusmodi
2067 1710 2302 1799 aliquid
2342 1710 2549 1793 potuit
2588 1710 2691 1776 in-

347 1814 588 1879 dicasse
646 1812 867 1887 videri;
929 1833 1081 1878 num
1131 1809 1619 1877 Atheniensibus
1668 1827 1953 1894 quoque,
2010 1808 2251 1873 dubito.
2330 1809 2425 1873 Ea
2477 1807 2694 1873 saltem

347 1906 569 1997 quaeF
583 1908 720 1974 ritz
733 1930 761 1973 s
774 1907 984 1974 chius
1004 1907 1183 1974 affert
1202 1906 1433 1974 nullius
1457 1903 1758 1973 momenti
1781 1909 2035 1969 sunt.—-
2047 1902 2270 1968 Verbis
2286 1901 2452 1968 enim
2462 1904 2535 1968 V.
2550 1906 2693 1969 140:

346 2005 515 2088 ἕψεις)
551 2002 772 2087 ’ἔγειρε
813 2000 934 2067 καὶ
967 2000 1066 2066 σύ
1092 1997 1291 2084 τήνδ’,
1344 2001 1470 2088 ἐγώ
1518 2000 1587 2066 δὲ
1632 1997 1710 2066 σέ
1750 1999 1826 2066 ad
1850 2007 1997 2065 'tres
2034 2005 2280 2064 tantum
2321 1998 2455 2063 illas
2492 1996 2696 2063 Athe-

345 2097 659 2165 niensium
711 2094 933 2163 Furias
986 2103 1297 2184 spectare,
1367 2095 1603 2183 quippe
1655 2115 1817 2182 quae
1868 2102 2012 2162 ante
2064 2094 2336 2181 reliquas
2387 2114 2695 2180 experge-

344 2193 544 2259 factae
595 2193 744 2272 sint,
796 2192 857 2256 id
913 2192 1031 2258 sihi
1081 2193 1421 2279 sumpsisse
1462 2190 1658 2276 magis
1701 2212 1887 2278 quam
1930 2191 2393 2259 demonstrasse
2434 2190 2695 2257 videtur.

343 2290 461 2356 Est
498 2288 668 2355 enim
708 2287 774 2352 in
813 2287 1018 2354 verbis
1060 2286 1195 2351 istis
1237 2287 1690 2374 simplicissima
1728 2288 1858 2356 veri
1900 2287 2190 2365 imitatio,
2236 2292 2312 2353 ut
2349 2286 2510 2351 bene
2549 2306 2695 2351 mo-

347 2390 458 2450 net
509 2381 865 2461 scholiasta,
926 2402 1053 2470 qua
1112 2382 1303 2450 altera
1352 2382 1608 2449 alteram
1670 2405 1745 2450 ex
1801 2404 2022 2451 somno
2075 2401 2373 2451 evocasse
2423 2380 2694 2467 fingitur.

344 2481 636 2547 Habeant
675 2478 863 2563 igitur
903 2499 979 2544 ea
1019 2477 1411 2565 conjecturae
1453 2478 1835 2563 dignitatem.
1906 2481 2196 2565 Ineptum
2222 2498 2369 2545 vero
2397 2483 2495 2543 est
2523 2477 2695 2563 quod

348 2575 625 2642 secundo
653 2575 791 2640 loco
825 2581 1260 2660 argumentum
1288 2574 1765 2642 Fritzschius
1807 2573 2064 2659 profert.
2125 2572 2315 2652 Quod
2354 2572 2520 2639 enim
2549 2593 2695 2639 cum

346 2670 746 2756 Gorgonibus
788 2679 854 2736 et
877 2670 1165 2756 Harpyiis
1185 2670 1413 2737 Furiae
1455 2678 1894 2757 comparentur
1934 2671 2081 2750 (Eu.
2121 2674 2200 2737 48
2232 2676 2353 2757 sq.)
2394 2669 2458 2734 id
2500 2690 2696 2756 quum

346 2765 601 2833 ternarii
642 2765 884 2830 numeri
925 2764 1224 2830 indicium
1268 2764 1588 2830 continere
1631 2771 1911 2843 censeat,
1951 2786 2079 2831 non
2118 2763 2286 2832 videt
2325 2786 2576 2831 omnem
2616 2763 2696 2829 ad

349 2864 584 2927 formae
626 2859 989 2926 foeditatem
1041 2858 1568 2946 comparationem
1617 2858 1839 2925 redire.
1922 2858 2049 2925 Sed
2087 2893 2169 2908 --
2207 2858 2418 2944 inquis
2455 2894 2539 2906 —
2574 2859 2698 2925 hoc

348 2956 452 3023 ille
511 2975 641 3021 non
708 2963 922 3041 negat:
986 2955 1097 3024 sed
1156 2976 1283 3021 non
1336 2955 1619 3041 potuisse
1676 2975 1806 3020 non
1863 2952 2073 3019 subire
2131 2952 2314 3018 simul
2372 2974 2516 3020 cum
2563 2953 2698 3021 for-

346 3071 508 3129 mae,
549 3050 793 3118 numeri
835 3070 1090 3137 quoque
1131 3051 1435 3116 rationem
1477 3050 1776 3117 auditoris
1815 3049 2089 3116 animum
2129 3049 2251 3115 hoc
2291 3050 2494 3116 solum
2539 3072 2697 3119 con-

350 3145 568 3212 tendit.
612 3181 688 3193 -—-
729 3146 896 3212 Num
934 3165 1147 3213 revera
1186 3145 1264 3211 de
1305 3147 1579 3211 ternario
1608 3165 1875 3212 numero
1915 3145 1971 3209 is
2011 3144 2281 3229 cogitare
2322 3145 2546 3229 potuit,
2587 3147 2698 3233 qui

347 3240 648 3329 proximis
706 3240 985 3309 versibus
1046 3241 1267 3308 adesse
1329 3244 1553 3322 λόχον
1597 3246 1957 3325 γυναικῶν
1995 3238 2350 3318 audiverat?
2408 3239 2698 3308 Profecto

348 3358 480 3403 non
519 3336 740 3423 potuit.
813 3336 1117 3421 Superest
1156 3335 1345 3422 igitur
1388 3333 1745 3423 provocatio
1795 3333 1871 3399 ad
1924 3333 2287 3400 scholiastae
2339 3335 2698 3403 annotatio-

350 3451 494 3497 nem
535 3431 614 3496 ad
652 3451 807 3498 vers.
834 3434 955 3496 585
995 3429 1119 3495 iam
1160 3451 1347 3516 supra
1387 3431 1651 3496 allatam.
1712 3430 1829 3494 Est
1848 3450 2078 3508 revera,
2120 3429 2173 3496 si
2205 3449 2336 3496 rem
2378 3429 2459 3496 ad
2497 3432 2699 3499 vivum

350 3546 636 3593 resecare
685 3523 835 3594 velis
885 3531 1056 3590 recta
1097 3525 1147 3589 F
1158 3524 1508 3590 ritzschii
1556 3526 2013 3611 interpretatio,
2063 3546 2210 3611 qua⁴
2234 3528 2420 3593 verba
2458 3527 2703 3593 πολλαὶ

350 3621 489 3707 μέν
532 3623 748 3704 ἔσμεν
791 3640 921 3683 non
961 3619 1039 3685 ad
1080 3626 1209 3685 tres
1250 3617 1385 3684 illas
1415 3618 1891 3686 Atheniensium
1933 3620 2083 3685 deas
2123 3618 2328 3686 redire
2368 3628 2697 3707 propterea

352 3736 390 3780 a
432 3711 762 3779 scholiasta
803 3714 1199 3781 observatum
1247 3734 1386 3779 esse
1429 3714 1773 3794 contendit,
1823 3716 1969 3800 quia
2009 3714 2165 3780 alios
2203 3713 2559 3800 tragoediae
2598 3717 2700 3784 lo-
2759 3791 2770 3800 „

355 3829 466 3874 cos
505 3809 607 3875 hic
648 3831 728 3875 eo
767 3807 1065 3875 retulerit.
1148 3806 1276 3874 Sed
1317 3808 1369 3872 si
1410 3808 1622 3874 retulit
1672 3809 2033 3889 scholiasta,
2088 3809 2238 3896 quid
2291 3810 2410 3876 hoc
2459 3812 2538 3877 ad
2588 3833 2701 3880 nos

499 4002 555 4064 ⁶)
591 4013 691 4057 Sed
736 4012 912 4061 merlto
957 4014 1107 4061 etlam
1150 4014 1214 4059 ad
1261 4024 1371 4060 eam
1418 4012 1612 4061 dicendi
1657 4012 1896 4062 rationem
1948 4014 2243 4069 provocavit
2288 4017 2434 4073 cujus
2469 4018 2702 4073 exempla

353 4084 582 4160 exstante
627 4080 818 4155 ¹¹·...²¹’
866 4079 971 4156 318
1007 4069 1206 4161 μητρὸς
1236 4066 1513 4165 Ἐ’ρινύρις,
1551 4082 1777 4165 Qun·
1812 4082 1917 4133 280
1953 4084 2020 4131 ld.
2057 4090 2107 4133 et
2141 4088 2324 4135 Herod.
2363 4085 2414 4137 4.
2451 4084 2555 4136 149
2591 4092 2698 4136 ext.

370 4152 620 4214 Ερινυων
654 4163 757 4195 των
791 4149 979 4197 Aenon
1013 4165 1066 4199 rs
1102 4165 1198 4198 και
1236 4152 1539 4200 Οιδικοδεω
1575 4166 1716 4215 ιρον.

495 4213 580 4278 ”)
614 4220 795 4268 Sciens
831 4220 1028 4277 scripsl.
1092 4224 1229 4271 satis
1266 4224 1394 4270 enim
1431 4226 1495 4269 ab
1531 4223 1647 4270 aliis
1683 4224 2007 4271 Welckeri
2045 4222 2124 4282 (p.
2145 4223 2261 4280 ³9.)
2299 4222 2595 4274 sententiam
2630 4228 2690 4273 de

356 4291 676 4340 Eumenidum
711 4291 850 4338 chori
884 4302 1088 4339 numero
1124 4294 1299 4349 opinor
1332 4303 1448 4339 csse
1484 4294 1736 4347 rejectam.

496 4356 604 4415 ”⁰2
653 4364 705 4408 ln
739 4362 892 4408 libro:
937 4362 1165 4410 zweiter
1209 4364 1426 4418 Annam
1472 4372 1542 4408 zu
1585 4363 1749 4410 Herm
1791 4362 1859 4410 K.
1903 4365 1961 4409 0.
2009 4364 2332 4411 Mueller’s
2380 4362 2696 4414 Eumeniden.

356 4442 440 4486 με.
478 4429 546 4479 88
583 4442 690 4487 seq,
727 4434 1035 4488 Argumenta
1070 4432 1428 4481 rritzschli
1461 4442 1534 4479 ex
1560 4436 1702 4488 parte
1728 4434 1903 4480 eadem
1937 4437 2053 4480 sunt
2080 4443 2209 4487 quae
2235 4433 2298 4479 ad
2326 4444 2468 4480 suam
2500 4438 2697 4481 senten·

357 4500 477 4548 tiam
510 4501 792 4551 mumdum
836 4502 1258 4552 Blomsseldus
1303 4503 1369 4558 (l.
1404 4497 1469 4561 ι.)
1514 4502 1748 4552 adhibuit.
1821 4506 2215 4552 Hei-mannus
2253 4497 2311 4563 (Ι.
2349 4498 2410 4561 Ι.)
2447 4502 2696 4562 refutavit.

2407 4823 2428 4856 t
