2978 4869
1346 219 1780 281 ..36-

398 394 651 477 quoque
707 390 1039 476 pertinent.
1125 388 1453 470 Sapienter
1503 387 1715 474 itaque
1767 387 1829 451 id
1880 405 2135 472 quoque
2173 386 2515 473 Aeschylus
2556 388 2738 453 insti-

399 486 522 552 tuit
567 486 736 571 quod
788 486 935 551 satis
985 485 1201 551 habuit
1250 483 1546 549 comitem
1598 503 1742 547 eum
1781 481 1991 548 Oresti
2036 481 2373 569 adjungere
2427 490 2491 548 et
2540 483 2735 550 levem

400 581 711 668 quandam
753 602 1015 667 eamque
1056 601 1182 644 non
1226 579 1421 665 ipsius
1464 578 1725 644 consilio
1774 577 1881 641 sed
1924 576 2126 643 fratris
2160 578 2343 664 jussu
2384 582 2737 665 susceptam

397 698 606 742 curam
660 678 737 742 ad
788 698 931 742 eum
995 675 1265 753 deferre,
1329 675 1643 757 sapienter
1698 673 1762 738 id
1815 695 2096 760 quoque,
2159 675 2328 759 quod
2381 683 2446 739 et
2497 683 2737 742 mutum

394 794 537 838 eum
581 780 644 838 et
681 810 763 820 —-
801 778 873 838 ut
914 771 1155 838 videtur
1197 809 1268 819 —
1314 772 1506 836 semel
1548 777 1788 836 tantum
1833 770 1893 833 in
1937 790 2186 835 scenam
2228 768 2487 836 induxit.

1468 915 1523 989 S.
1568 918 1664 977 11.

555 1028 652 1110 (11,
695 1026 773 1111 2,)
816 1048 868 1090 c.
949 1027 1204 1092 Arctius
1255 1025 1614 1112 arctiusque
1666 1025 1801 1108 lege
1852 1024 2188 1091 dramatica
2248 1025 2401 1091 deos
2461 1024 2741 1093 videmus

397 1121 715 1208 obstringi.
796 1123 937 1188 Jam
989 1143 1066 1187 eo
1120 1143 1220 1186 res
1273 1121 1586 1215 pervenit,
1637 1129 1711 1186 ut
1760 1119 1939 1207 quasi
1980 1118 2254 1185 habitare
2297 1122 2397 1187 lex
2436 1122 2540 1188 illa
2577 1122 2745 1185 inter

400 1217 555 1283 deos
603 1218 902 1284 videatur.
983 1218 1265 1283 Deorum
1306 1238 1407 1283 res
1449 1216 1526 1282 ad
1569 1215 1727 1281 hanc
1767 1216 2040 1302 regulam
2085 1216 2285 1294 rediit,
2327 1238 2532 1303 neque
2561 1216 2742 1281 aliam

399 1321 661 1398 apparet
701 1334 838 1379 esse
883 1312 1144 1379 deorum
1185 1313 1372 1380 vitam
1416 1321 1480 1379 et
1532 1319 1817 1378 naturam
1873 1311 1990 1377 nisi
2044 1332 2210 1399 quae
2256 1312 2332 1377 ad
2381 1312 2540 1378 hanc
2581 1308 2780 1378 divi-'

398 1430 542 1473 nam
608 1417 673 1473 et
730 1408 977 1474 unicam
1038 1408 1299 1474 formam
1363 1409 1445 1474 sit
1497 1408 1855 1495 composita.
1938 1407 2008 1473 Id
2062 1414 2366 1494 quantum
2416 1408 2613 1475 valeat
2663 1405 2746 1471 ad

401 1503 761 1588 dignitatem
810 1512 945 1569 tum
997 1503 1314 1590 religionis
1368 1510 1502 1569 tum
1554 1504 1763 1589 po'esis
1815 1525 1942 1567 non
1991 1503 2073 1567 ita
2126 1503 2369 1568 difficile
2412 1511 2509 1568 est
2548 1502 2744 1568 intel-

394 1599 578 1664 lectu.
639 1598 882 1684 Religio
923 1600 1192 1685 primum
1235 1620 1348 1665 cur
1388 1600 1630 1666 vincula
1674 1599 1791 1662 ista
1833 1619 2016 1683 aegre
2060 1598 2250 1663 ferret
2289 1596 2571 1678 profecto
2611 1618 2743 1661 non

394 1694 628 1759 habuit.
709 1696 866 1760 Nam
897 1715 1091 1781 quum
1126 1695 1265 1779 lege
1300 1695 1647 1759 niterentur
1689 1701 1752 1758 et
1788 1693 2106 1760 verissima
2148 1701 2213 1758 et
2254 1714 2329 1757 ea
2372 1713 2561 1778 quam
2592 1713 2744 1756 mox

396 1789 531 1875 ipsa
571 1790 805 1873 religi0‚
847 1788 981 1871 ipsa
1023 1790 1298 1876 denique
1340 1789 1738 1872 philosophia
1770 1789 1887 1854 sibi
1917 1789 2082 1855 ultro
2110 1788 2514 1870 impositurae
2545 1795 2745 1864 erant,

398 1885 463 1948 in
505 1885 849 1951 libertatem
891 1885 1121 1970 potiuS,
1163 1906 1352 1971 quam
1393 1887 1459 1951 in
1504 1885 1860 1952 servitutem
1903 1906 1977 1949 ea
2018 1885 2170 1950 deos
2220 1883 2560 1951 vindicasse
2602 1882 2746 1968 quis

403 1987 534 2060 est,
585 1981 737 2067 quin
789 1980 1033 2046 videat?
1075 2017 1149 2027 —
1191 1984 1313 2044 Ars
1368 1991 1582 2047 contra
1632 2002 1704 2046 ea
1757 2002 1952 2068 quum
2012 1980 2272 2046 formam
2334 1979 2513 2044 istam
2565 1978 2746 2064 quasi

400 2097 505 2144 vas
549 2076 861 2163 quoddam
906 2097 1033 2162 quo
1075 2096 1176 2140 res
1219 2095 1437 2140 omnes
1491 2077 1987 2153 continerentur,
2043 2075 2265 2142 divinis
2316 2075 2439 2138 iam
2479 2073 2743 2156 potissi-

398 2192 573 2235 mum
615 2171 922 2256 personis,
965 2171 1282 2257 rebusque
1325 2192 1361 2234 a
1402 2169 1536 2236 deis
1579 2170 1770 2255 gestis
1811 2171 2126 2258 impleret,
2174 2170 2399 2235 mirum
2442 2177 2741 2256 quantum

401 2288 437 2330 a
480 2286 593 2331 sua
635 2273 846 2351 potest
887 2273 1105 2330 natura
1148 2266 1468 2331 aberrasse
1501 2266 1720 2333 wideri.
1801 2267 1959 2333 Nam
2001 2288 2196 2353 quum
2237 2275 2369 2332 arte
2411 2266 2742 2352 praecipue

399 2361 561 2428 effici
617 2362 868 2440 debeat,
918 2367 990 2426 ut
1038 2381 1141 2426 res
1193 2383 1410 2427 omnes
1461 2361 1525 2426 in
1573 2371 1740 2427 terra
1792 2362 2125 2428 collocatae
2179 2363 2242 2426 in
2294 2361 2537 2428 coelum
2590 2362 2744 2427 effe-

396 2465 633 2537 rantur,
673 2466 749 2522 ut
786 2457 1057 2523 humana
1099 2459 1306 2525 omnia
1350 2458 1555 2524 divino
1599 2458 1928 2540 splendore
1973 2459 2357 2540 splendeant,
2397 2466 2470 2523 ut
2505 2459 2742 2545 ubique

397 2554 551 2618 deos
593 2560 952 2638 praesentes
995 2576 1133 2620 esse
1177 2563 1503 2641 appareat,
1556 2554 1779 2619 accidit
1820 2554 1971 2630 iam,
2020 2563 2092 2619 ut
2131 2554 2265 2640 lege
2309 2555 2410 2619 illa
2453 2575 2744 2639 suprema

396 2647 478 2711 ad
528 2647 682 2712 deos
730 2648 925 2711 relata
976 2649 1246 2713 mundus
1298 2670 1497 2735 eaque
1550 2648 1757 2712 omnia
1799 2670 1959 2736 quae
2003 2649 2066 2714 in
2106 2657 2273 2716 terra
2313 2657 2376 2715 et
2416 2650 2492 2714 ab
2534 2649 2743 2714 homi—

396 2742 585 2808 nibus
627 2747 957 2827 geruntur,
1006 2740 1203 2808 forma
1244 2743 1345 2807 illa
1388 2743 1848 2830 quodammodo
1892 2745 2214 2825 destituta,
2254 2746 2565 2813 divinitate
2608 2745 2744 2830 pri—

401 2845 538 2904 vata
581 2859 723 2902 esse
764 2837 1142 2904 viderentur.
1228 2840 1433 2918 Quam
1489 2840 1571 2905 oh
1612 2861 1745 2906 rem
1787 2839 2162 2921 Sophoclem
2214 2842 2529 2927 egregium
2571 2842 2743 2907 illum

399 2932 808 2997 humanitatis
858 2940 1189 3013 patronum
1231 2934 1539 3021 Aeschylo
1580 2935 1778 3000 multo
1822 2935 2165 3020 sapientius
2208 2936 2408 3018 egisse
2450 2945 2561 3002 tuo
2598 2937 2741 3023 jure

400 3026 512 3091 tibi
564 3027 1005 3111 persuadereS,
1059 3029 1179 3092 nisi
1228 3030 1481 3112 vestigia
1524 3029 1689 3115 apud
1729 3030 1895 3095 hunc
1937 3029 2463 3116 deprehenderes,
2515 3032 2743 3118 quibus

399 3123 552 3186 deos
594 3142 721 3186 non
762 3128 889 3186 tam
932 3122 993 3187 in
1037 3121 1187 3209 ipsis
1230 3125 1417 3190 rebus
1458 3123 1777 3204 humanis,
1819 3126 2194 3192 divinitatem
2238 3127 2300 3191 in
2343 3127 2477 3213 ipsa
2517 3127 2742 3193 huma-

399 3218 593 3282 nitate
646 3237 832 3302 quam
895 3225 1068 3283 extra
1129 3226 1358 3285 terram
1420 3225 1483 3284 et
1545 3228 1799 3286 externa
1860 3222 2071 3286 nescio
2122 3245 2248 3308 qua
2297 3223 2534 3288 ratione
2587 3223 2742 3288 hanc

401 3332 543 3375 cum
586 3311 688 3374 illa
722 3312 1003 3395 junctam
1048 3314 1164 3379 sibi
1216 3316 1466 3380 finxisse
1522 3322 1904 3398 argueretur.
1984 3316 2135 3381 Inde
2185 3317 2400 3384 vitium
2453 3318 2742 3403 gravissi-

399 3428 572 3470 mum
626 3405 775 3471 illud
828 3404 904 3469 ad
958 3428 1100 3474 eum
1154 3411 1465 3495 pertinere
1507 3410 1739 3491 potuit,
1788 3420 1860 3477 ut
1900 3412 2104 3479 fabula
2144 3450 2224 3459 —
2263 3422 2337 3479 ut
2376 3416 2564 3480 verbo
2604 3423 2744 3480 utar

401 3500 800 3566 Aristotelico
841 3539 921 3549 —-
963 3499 1093 3566 οέπὸ
1137 3513 1461 3588 μηχανῆς
1510 3505 1744 3570 exitum
1796 3506 2079 3584 haberet,
2144 3509 2205 3573 id
2257 3510 2432 3595 quod
2478 3511 2605 3574 scio
2665 3512 2740 3575 ab

400 3596 706 3683 Aeschylo
748 3597 1194 3663 alienissimum
1238 3620 1397 3664 esse.
1466 3602 1724 3687 Loquor
1765 3605 1839 3667 de
1881 3602 2245 3668 Philocteta.

522 3692 621 3757 Ad
658 3692 1033 3779 Aeschylum
1072 3715 1216 3759 vero
1258 3694 1616 3774 redeunteS,
1668 3696 1847 3761 aliam
1889 3699 2342 3784 tragoediarum
2389 3707 2630 3786 partem
2675 3703 2736 3766 in

401 3787 568 3850 hune
597 3789 852 3853 modum
889 3790 1295 3875 compositam
1338 3790 1702 3871 invenimuS,
1743 3802 1816 3859 ut
1843 3794 2193 3875 Sophocleo
2225 3796 2417 3903 magis
2448 3817 2621 3862 more
2663 3799 2737 3861 ab

401 3881 757 3947 hominibus
784 3905 884 3949 res
907 3892 1299 3970 peragantur,
1328 3907 1364 3950 a
1398 3888 1529 3952 deis
1552 3888 2011 3973 quodammodo
2034 3890 2318 3956 tantum
2300 3891 2502 3977 iisque
2535 3914 2568 3957 e
2596 3892 2738 3958 lon-

404 3976 641 4062 ginquo
683 3978 903 4060 positis
945 3981 1399 4065 gubernentur,
1442 3984 1624 4047 aliam
1666 3982 1919 4061 deinde,
1962 4006 2086 4070 qua
2127 4007 2227 4050 res
2271 3986 2445 4052 initio
2489 3989 2738 4073 quidem

403 4091 602 4158 penes
644 4069 929 4140 homines
971 4082 1102 4140 tota
1144 4086 1450 4154 versatur,
1493 4086 1710 4164 postea
1752 4079 2001 4147 demum
2045 4082 2122 4146 ad
2165 4080 2316 4147 deos
2356 4083 2739 4164 transfertur,

401 4166 583 4232 aliam
629 4166 898 4254 denique
941 4191 1158 4255 quae,
1159 4173 1287 4249 ,διὰ
1329 4169 1568 4259 μόνων
1614 4175 2064 4260 οἰκονομεῖται
2109 4185 2335 4249 θεῶν’.
2355 4182 2407 4265 *)

541 4327 595 4395 )
637 4340 759 4383 Sunt
797 4339 954 4383 verba.
992 4336 1130 4384 vilae
1166 4340 1352 4388 Aescu.
1390 4342 1629 4390 auctorls.
1703 4345 1939 4398 Exemplo
1978 4344 2027 4388 el
2062 4348 2179 4391 sunt
2215 4325 2273 4389 οἷ
2309 4345 2391 4406 Πρ
2393 4343 2595 4404 οειμηβ
2573 4334 2639 4399 ἴς.
2665 4364 2736 4376 ——

404 4407 502 4464 Τοὶ
535 4409 640 4484 γὰρ
679 4407 895 4486 &quinat
870 4436 954 4484 τ,α
993 4424 1166 4483 lnquit,
1205 4416 1612 4491 συμπληρουσι
1595 4441 1651 4473 ιν
1688 4411 1748 4475 οἶ
1781 4438 1872 4493 πρε
1852 4413 2027 4486 εσβυτ
2001 4443 2091 4476 ττα
2095 4444 2147 4477 οι
2185 4444 2285 4478 των
2307 4420 2451 4484 θεων
2487 4419 2585 4478 καὶ
2621 4442 2733 4477 εστι

401 4492 471 4550 τοὶ
505 4490 613 4553 nimi
650 4498 737 4569 τῆς
772 4501 976 4572 σκηνῆς
1010 4499 1109 4558 καὶ
1142 4499 1230 4572 τῆς
1266 4495 1537 4577 ὄρχησεως
1572 4506 1669 4569 ῥεῖ
1669 4530 1709 4561 α
1743 4500 1981 4564 κοίτη-ατ
1956 4505 2025 4563 τοὶ
2057 4501 2328 4582 πρόσωπα.
