2978 4869
1315 166 1745 265 -28-ss

357 367 572 435 retulit
610 368 797 432 etiam
836 368 1008 453 quod
1050 368 1299 451 saepius
1338 368 1587 435 disertis
1626 370 1832 437 verbis
1872 390 2013 437 cum
2054 372 2186 438 fera
2221 374 2511 454 Orestes,
2553 396 2693 444 cum
2821 388 2834 391 “

357 465 616 531 canibus
656 463 850 528 furiae
890 471 1327 550 comparentur
1368 465 1479 548 (uti
1522 473 1668 532 111:
1709 467 1961 547 οἴχεται
1997 478 2242 553 νεβροῦ
2284 466 2498 554 δίκην.
2546 478 2695 542 131.

356 566 506 630 246.
544 562 709 628 247.
751 556 1421 679 τετραυματισμένον
1459 564 1594 645 γάρ
1639 589 1725 638 ως
1765 559 1956 627 κύων
1997 563 2237 645 νεβρὸν
2272 571 2286 649 Ι
2322 561 2476 647 πρὸς
2520 549 2697 648 αἷμα

355 652 472 719 καὶ
517 656 928 738 σταλαγμὸν
972 648 1452 738 ἐκματεύομεν.
1500 666 1623 726 ete.
1628 657 1746 744 )*)

513 759 690 823 Hanc
731 767 1060 844 postquam
1104 779 1181 823 ex
1233 758 1369 844 ipso
1420 759 1727 845 Aeschylo
1776 759 2078 825 furiarum
2130 760 2312 826 nobis
2362 761 2695 845 imaginem

357 854 851 941 composuimus,
921 854 1225 920 succurrit
1272 863 1595 941 praeterea
1645 856 1989 921 Pausaniae
2038 856 2214 923 locus
2261 858 2311 921 Ι.
2349 862 2460 934 28,
2499 862 2538 922 6
2587 854 2693 939 (cl.

353 949 642 1036 Appulej.
695 948 771 1033 de
821 949 1093 1041 orthogr.
1137 956 1211 1017 11
1263 972 1365 1036 pg.
1408 957 1449 1017 5
1508 952 1605 1017 ed.
1650 950 1806 1035 Os.)‘
1851 952 1963 1036 ¹qui
2013 953 2282 1038 primum
2322 950 2695 1037 Aeschylum

355 1067 591 1131 angues
632 1045 930 1112 furiarum
972 1048 1247 1114 crinibus
1288 1047 1647 1133 implexisse
1689 1054 2017 1115 asseverat.

515 1141 702 1219 Quod
744 1152 1026 1209 nostrum
1069 1151 1230 1223 erat,
1282 1142 1670 1230 perfecimus.
1763 1142 1999 1221 Quales
2040 1142 2205 1206 enim
2246 1143 2589 1230 Aeschylus
2630 1142 2696 1208 in

355 1258 603 1303 scenam
651 1234 1035 1304 Eumenides
1086 1238 1427 1318 induxerit,
1492 1238 1675 1303 certis
1726 1259 1804 1304 ex
1854 1238 1993 1320 ipso
2044 1237 2436 1322 potissimum
2485 1232 2693 1324 petitis

353 1333 724 1399 testimoniis
767 1334 1112 1400 docuimus.
1212 1335 1449 1400 Eorum
1492 1334 1851 1413 consilium,
1915 1333 2028 1420 qui
2088 1332 2337 1398 aliunde
2387 1334 2574 1401 etiam
2617 1333 2696 1399 ad

354 1426 685 1513 imaginem
728 1428 907 1494 istam
949 1431 1194 1516 plenius
1224 1431 1676 1517 depingendam
1717 1431 2041 1497 materiem
2063 1430 2179 1497 sibi
2209 1434 2521 1515 pararunt,
2563 1450 2692 1494 non

351 1524 863 1611 reprehendimus
901 1526 1170 1610 quidem,
1212 1529 1322 1592 sed
1365 1548 1506 1592 cum
1549 1534 1767 1592 nostro
1808 1524 2067 1591 consilio
2109 1525 2340 1588 scimus
2380 1524 2531 1588 nihil
2575 1525 2693 1589 ha-

352 1621 502 1686 bere
553 1640 899 1686 commune.
999 1621 1310 1687 Nonnulla
1367 1621 1639 1687 invenies
1697 1619 1863 1702 apud
1919 1618 2374 1685 Muellerum
2424 1639 2525 1703 pg.
2578 1624 2694 1686 184

351 1722 589 1782 -186.
672 1716 836 1781 Satis
875 1723 1200 1796 praeterea
1239 1716 1390 1782 mihi
1434 1717 1668 1802 placuit
1707 1714 1861 1783 Gen
1875 1715 2036 1780 ellii
2080 1713 2415 1799 descriptio
2457 1713 2516 1797 (l.
2551 1713 2593 1778 l.
2627 1733 2691 1795 p.

351 1818 488 1878 221.
520 1812 675 1897 seq.)
722 1812 838 1876 Est
877 1811 1162 1876 laudatus
1182 1833 1218 1876 a
1250 1807 1703 1879 recentioribus
1744 1809 2185 1896 interpretibus
2226 1808 2360 1873 fere
2400 1807 2694 1874 omnibus

351 1907 771 1995 Boettigeri
814 1907 997 1985 liber,
1039 1900 1227 1993 quem
1270 1908 1348 1972 de
1388 1907 1689 1975 furiarum
1732 1912 2001 1988 persona
2043 1904 2420 1991 composuitz
2463 1903 2693 1989 quibus

350 2005 539 2070 addas
587 2002 915 2068 Wiesele
930 2004 990 2067 ri
1043 2003 1437 2086 conjectanea
1487 2026 1587 2089 pg.
1638 2002 1985 2070 CXXXIII.
2038 2009 2103 2066 et
2142 2000 2241 2086 pg.
2286 2005 2380 2064 13.
2469 1998 2691 2064 Veris-

353 2100 507 2166 sime
545 2098 647 2163 hic
689 2097 895 2184 specie
938 2119 1196 2179 prorsus
1238 2098 1534 2183 singulari
1573 2118 1781 2184 neque
1823 2106 2003 2162 antae
2045 2096 2290 2181 cognita
2316 2094 2691 2181 Aeschylum

351 2212 687 2260 exornasse
729 2192 923 2258 furias
965 2214 1042 2258 ex
1081 2193 1336 2280 Pythiae
1378 2193 1775 2279 potissimum
1814 2193 2019 2259 verbis
2060 2200 2126 2257 et
2164 2192 2303 2257 loco
2343 2190 2691 2256 Pausaniae

346 2289 551 2355 modo·
579 2287 829 2354 laudato
870 2289 1116 2354 elucere
1145 2289 1481 2356 contendit.
1544 2288 1847 2357 Nuntium
1876 2287 1955 2353 de
1997 2286 2231 2372 ingenti
2269 2308 2350 2352 ex
2391 2286 2692 2372 adspectu

347 2385 648 2454 furiarum
696 2391 836 2451 orto
876 2390 1116 2451 terrore
1146 2384 1389 2451 ‘addere
1433 2385 1659 2472 potnit.
1739 2382 1914 2450 Haec
1953 2382 2120 2450 enim
2161 2383 2406 2449 fabulae
2447 2381 2691 2450 videtur

346 2501 592 2548 summa
640 2502 780 2546 esse
830 2490 897 2546 et
945 2502 1186 2547 sensus.
1287 2482 1665 2568 Aeschylmn
1724 2501 1872 2548 vero
1941 2480 2211 2546 seriores
2277 2487 2499 2561 poetas
2558 2478 2689 2545 fere

346 2597 565 2642 omnes
607 2577 671 2641 in
712 2576 1057 2659 exhibenda
1097 2577 1397 2643 furiarum
1437 2578 1704 2661 imagine
1745 2582 1996 2641 secutos
2038 2596 2208 2652 esse,
2247 2582 2507 2641 constat.

506 2673 806 2757 Superest
853 2671 993 2747 aliae
1020 2672 1324 2756 quaedam
1374 2672 1654 2738 nondum
1701 2669 1986 2738 absoluta
2035 2670 2112 2761 de
2164 2670 2341 2736 furiis
2383 2669 2690 2757 quaestio,

347 2787 537 2856 quam
578 2766 917 2853 dijudicare
963 2767 1166 2833 sentio
1205 2767 1351 2833 huic
1390 2769 1529 2833 loco
1572 2789 1713 2834 esse
1753 2767 2021 2833 maxime
2063 2766 2375 2832 idoneum.
2467 2765 2689 2845 Quae-

347 2865 506 2930 ritur
564 2863 731 2928 enim
785 2862 983 2929 furiae
1045 2883 1312 2950 quarum
1374 2864 1439 2929 in
1489 2866 1616 2930 fine
1675 2862 1955 2945 Choeph.
2027 2863 2099 2928 fit
2164 2863 2403 2928 mentio
2475 2869 2689 2928 utrum

349 2958 809 3040 spectatoribus
848 2979 1060 3024 revera
1109 2959 1510 3044 apparuerint
1558 2977 1777 3023 necne.
1820 2994 1896 3006 --
1937 2958 2053 3023 E‘st
2096 2976 2246 3023 vero
2298 2956 2573 3022 eundum
2623 2956 2691 3022 in

260 3061 275 3076 ⁸
347 3054 614 3120 mediam
654 3074 806 3118 rem.
889 3052 1149 3119 Orestes
1190 3053 1405 3138 igitur,
1461 3061 1794 3140 postquam
1837 3054 2032 3119 multa
2071 3051 2150 3117 de
2201 3052 2458 3117 crimine
2498 3051 2689 3117 modo

346 3150 683 3216 commisso
724 3141 930 3215 animo
957 3169 1127 3216 nunc
1155 3150 1233 3215 ad
1277 3165 1469 3236 spem,
1512 3169 1679 3214 nunc
1711 3149 1787 3214 ad
1809 3149 2104 3215 timorem·
2141 3169 2209 3213 se
2249 3155 2545 3225 vertente,
2588 3147 2689 3213 lo-

346 3255 584 3333 quutus
608 3254 722 3324 est,
758 3247 961 3311 subita
981 3245 1458 3312 exclamatione:
1500 3244 1646 3322 heu,
1687 3244 1838 3311 heul
1879 3244 2101 3330 inquit,
2143 3244 2293 3308 istas
2321 3242 2688 3327 Gorgonum

346 3342 568 3418 instar,
630 3348 763 3405 atra
821 3348 992 3406 veste
1048 3341 1327 3418 indutas,
1389 3341 1815 3427 implexasque
1876 3333 2152 3405 crinibus
2208 3337 2472 3422 angues!
2563 3338 2689 3403 Sed

344 3435 573 3503 chorus
614 3435 763 3501 fflsa
805 3435 1100 3522 opinione
1144 3457 1288 3501 eum
1332 3436 1662 3523 deceptum
1703 3442 1962 3521 putans,
2010 3441 2086 3499 ut
2123 3434 2294 3500 bono
2335 3432 2543 3498 animo
2585 3434 2687 3512 sit,

344 3553 501 3599 eum-
533 3531 912 3598 adhortatur.
1014 3531 1214 3615 Negat
1254 3552 1322 3597 se
1362 3531 1568 3618 decipi
1611 3530 1873 3597 Orestes
1911 3550 2029 3594 nec
2065 3536 2278 3593 tamen
2319 3527 2688 3594 mulieribus

246 3638 251 3642 ’
342 3636 417 3693 ut
456 3629 542 3694 ita
581 3649 715 3694 rem
757 3649 826 3694 se
866 3625 1097 3692 habere
1137 3625 1412 3704 credant,
1452 3628 1813 3735 persuade&
1856 3627 1934 3689 de
1976 3623 2180 3689 subita
2220 3622 2541 3688 etiamtum
2583 3622 2689 3687 in-

346 3723 521 3790 sania
570 3724 859 3812 cogitant.
961 3724 1203 3788 Interea
1266 3722 1508 3808 gravius
1561 3721 1691 3808 jam
1743 3720 2004 3787 Orestes
2055 3719 2413 3805 corripitur,
2472 3718 2687 3804 plures

340 3818 469 3905 jam
519 3818 709 3884 furias
756 3818 924 3888 videt
972 3839 1204 3905 easque
1254 3817 1620 3902 sanguinem
1670 3838 1749 3883 ex
1795 3816 1996 3882 oculis
2053 3816 2118 3879 in
2174 3822 2404 3879 terram
2454 3814 2686 3879 demit-

346 3919 550 3978 tentes
591 3921 654 3978 et
693 3914 771 3978 ad
813 3914 1073 3980 chorum
1100 3925 1469 3988 conversus:
1511 3916 1660 3990 Vos,
1702 3910 1925 3999 inquit,
1965 3931 2094 3976 non
2120 3909 2341 3976 videtis
2382 3929 2507 3988 eas,
2548 3910 2687 3997 ipse

344 4007 559 4075 video!
636 4014 756 4075 Ast
793 4009 992 4095 pellor
1031 4009 1176 4075 hinc
1217 4029 1364 4095 ego:
1407 4030 1526 4074 nec
1564 4009 1727 4074 ultra
1766 4003 2130 4074 manseriml
2198 4006 2348 4085 Quo
2388 4005 2575 4084 dicto,
2615 4011 2688 4071 ut

347 4103 607 4183 videtur,
651 4125 720 4170 se
762 4103 1042 4190 proripit.

506 4199 658 4266 Tres
701 4200 852 4278 iam,
876 4208 1176 4286 quantum
1202 4198 1494 4287 equidem
1536 4198 1696 4278 scio,
1737 4199 1813 4263 ab
1856 4196 2300 4282 interpretibus
2342 4196 2683 4262 sententiae

351 4302 496 4361 sunt
535 4295 772 4376 allatae,
815 4315 975 4382 quae
1015 4293 1112 4359 vel
1151 4294 1320 4361 ultro
1352 4301 1417 4363 et
1455 4315 1587 4362 non
1607 4293 1907 4368 consultis
1948 4291 2391 4380 interpretibus
2432 4312 2501 4359 se
2524 4293 2682 4357 offe-

492 4502 545 4562 *J
582 4511 861 4560 Mueller.
895 4521 981 4569 με.
1017 4504 1122 4558 185
1160 4511 1209 4555 et
1245 4503 1363 4557 186.
