2978 4869
1307 195 1746 260 ...32-

367 358 596 444 tragica
632 363 947 446 agebatur.
1028 360 1185 429 Nam
1234 364 1318 427 de
1360 363 1496 430 deis
1545 364 1748 430 adhuc
1797 372 1990 431 taceo.
2077 367 2175 432 Ad
2223 387 2438 435 servos
2478 361 2700 435 'contra

365 474 458 531 ea,
499 455 834 541 inquibus
876 457 1044 522 nulla
1085 458 1305 543 agendi
1343 459 1435 524 vis
1477 465 1541 524 et
1576 460 1877 540 voluntaS,
1919 462 2030 549 qui
2069 484 2145 528 ex
2187 461 2321 527 aliis
2358 465 2703 545 penderent

364 557 429 612 et
467 551 737 634 patiendi
777 553 992 634 potius
1014 553 1200 640 q'uam
1233 554 1456 638 agendi
1487 564 1720 621 sortem
1753 557 2052 636 subirent,
2091 558 2172 623 ad
2201 557 2487 626 homines
2530 569 2698 626 certe

364 644 472 729 qui
514 645 664 712 nihil
706 648 960 734 singuli,
1003 650 1453 736 aliquantulum
1495 672 1642 717 vero
1683 652 2079 730 multitudine
2119 655 2422 733 valerent,
2464 657 2544 721 ad
2583 657 2700 722 1106

362 739 535 806 611011
574 752 784 824 1161166
825 745 1235 830 pertinebant.
1305 747 1525 834 Itaque
1565 769 1760 835 quum
1800 750 1880 814 ad
1921 750 2073 815 deos
2113 770 2215 815 res
2254 752 2556 831 pervenit,
2598 752 2702 817 in-

362 842 459 900 ter
496 836 614 902 hos
654 860 908 927 quoque
948 843 1177 910 inventi
1222 850 1395 922 sunt,
1444 842 1522 909 ad
1566 864 1726 931 quos
1768 844 1942 910 chori
1974 844 2205 932 justius
2254 867 2442 932 quam
2484 848 2702 932 agendi

360 940 571 1017 partes
613 935 1058 1003 conferrentur.
1138 939 1328 1006 Notio
1382 939 1548 1004 enim
1600 940 1802 1007 divina
1850 941 2088 1022 optime
2138 962 2206 1007 se
2257 941 2471 1021 habet,
2522 944 2574 1007 si
2625 943 2704 1010 ad

362 1049 558 1093 unum
599 1030 901 1098 referatur
940 1032 1126 1100 deum
1176 1042 1242 1100 et
1289 1035 1524 1117 optime
1576 1035 1733 1102 deus
1783 1056 1851 1100 se
1895 1034 2111 1120 habet,
2174 1037 2227 1102 si
2279 1039 2570 1105 omnibus
2625 1059 2703 1103 ex

361 1124 642 1209 partibus
692 1128 775 1193 sit
812 1129 997 1195 certis
1037 1128 1265 1196 finibus
1306 1130 1684 1210 descriptus,
1734 1131 1886 1197 nibil
1935 1132 1990 1198 si
2031 1131 2258 1199 habeat
2304 1135 2381 1200 ab
2423 1134 2704 1222 1116111116

361 1221 618 1287 notione
659 1223 956 1304 alienum,
997 1224 1146 1290 nihil
1192 1227 1242 1291 si
1284 1225 1349 1290 in
1390 1246 1469 1291 eo
1507 1224 1923 1306 desideretur,
1965 1248 2092 1314 quo
2134 1228 2344 1294 demto
2386 1231 2559 1296 notio
2601 1230 2704 1295 illa

360 1316 633 1400 perfecta
689 1319 880 1387 videri
937 1328 1227 1408 nequeat.
1329 1321 1562 1388 Contra
1619 1321 1675 1388 si
1736 1331 1833 1389 est
1889 1324 2192 1390 infirmior
2248 1325 2422 1390 notio
2480 1325 2704 1402 divina,

361 1433 548 1498 quam
591 1435 752 1500 quae
793 1417 997 1482 Deum
1048 1417 1252 1499 possit
1297 1419 1543 1483 efficere
1584 1440 1811 1498 unum,
1859 1440 2134 1506 eumque
2185 1427 2422 1485 certum
2476 1428 2542 1485 et
2583 1440 2703 1485 suo

361 1508 601 1575 honere
642 1511 969 1591 nitentem,
1020 1515 1190 1579 Deos
1233 1514 1409 1601 quasi
1454 1515 1670 1599 gignit,
1713 1536 1873 1601 quos
1917 1514 2192 1598 singulos
2233 1513 2497 1591 nullius,
2541 1536 2703 1580 con·-

354 1604 608 1691 junctos
659 1608 833 1689 parvi
883 1610 1180 1675 momenti
1223 1631 1361 1675 esse
1403 1610 1651 1675 dixeris
1733 1611 1889 1676 Nam
1935 1608 2105 1695 quod
2146 1609 2397 1673 nomina
2441 1609 2701 1693 singulis

362 1704 606 1781 dantur,
646 1704 710 1767 id
751 1703 936 1768 habet
977 1706 1246 1792 speciem
1288 1706 1483 1793 magis
1526 1705 1857 1772 divinitatis
1898 1724 2086 1791 quam
2126 1704 2467 1770 veritatem.
2549 1703 2702 1769 Sin-

361 1799 488 1883 guli
551 1799 716 1864 enim
781 1799 951 1864 nullo
1016 1808 1188 1867 certo
1251 1801 1605 1866 discrimine
1667 1801 1830 1866 inter
1880 1822 1947 1866 se
2008 1800 2318 1865 differunt.
2407 1799 2524 1865 Est
2576 1818 2705 1862 una

361 1895 641 1960 omnium
684 1894 1027 1981 eademque
1071 1896 1453 1980 significatio.
1536 1896 1911 1973 Divinitatis,
1963 1902 2035 1961 ut
2083 1895 2171 1961 ita
2219 1895 2451 1972 dicam,
2502 1893 2705 1979 parti-

362 1991 501 2056 cula
541 1991 748 2078 aliqua
787 2012 903 2077 per
940 1999 1038 2056 tot
1077 1991 1228 2055 deos
1272 1999 1368 2054 est
1409 1990 1589 2075 quasi
1630 1992 1879 2069 diffusa,
1929 1999 2004 2056 ut
2040 1990 2178 2073 ipsa
2217 1989 2442 2055 horum
2484 1988 2704 2054 multi-

360 2086 510 2152 tudo
560 2106 781 2168 parum
833 2086 1109 2171 singulos
1155 2082 1359 2150 valere
1410 2085 1811 2150 demonstret.
1892 2087 2169 2152 Numero
2211 2085 2408 2162 enim,
2457 2087 2552 2150 uti
2595 2096 2702 2149 er—

361 2200 505 2246 rore
544 2181 667 2244 late
707 2187 964 2264 vagante
1006 2179 1138 2245 fieri
1181 2179 1377 2257 solet,
1417 2178 1657 2244 notioni
1708 2178 1797 2243 illi
1838 2179 2250 2258 succurritur,
2304 2200 2467 2266 quae
2510 2179 2706 2264 gradu

363 2284 430 2342 61
467 2297 582 2358 per
623 2296 690 2342 se
730 2274 883 2340 nibil
931 2275 1148 2342 valeat.
1228 2275 1379 2341 Inde
1438 2282 1536 2341 tot
1595 2274 1853 2342 deorum
1908 2294 2154 2360 gregeS,
2215 2273 2361 2340 inde
2410 2276 2704 2342 Titanum

359 2373 713 2459 progenieS,
754 2371 1089 2439 Nereidum
1131 2371 1681 2460 Nympharumque
1734 2371 2029 2450 familiae,
2084 2391 2239 2458 quas
2282 2370 2554 2457 singulas
2605 2372 2705 2440 vix

361 2468 865 2536 enumeraverim.
945 2472 1074 2534 Has
1116 2490 1262 2536 vero
1307 2468 1497 2536 choro
1537 2467 1771 2554 tragico
1814 2467 2166 2553 aptissimas
2206 2488 2345 2532 esse
2395 2469 2538 2555 quis
2576 2487 2705 2533 non

359 2567 563 2632 videt?
642 2569 785 2634 Non
823 2573 951 2629 tam
993 2567 1232 2650 agendo
1284 2588 1469 2651 quam
1515 2565 1651 2630 solo
1691 2564 1944 2628 nomine
1986 2584 2104 2629 suo
2146 2570 2209 2628 et
2248 2570 2498 2642 natura,
2548 2564 2706 2630 cbo-

359 2681 472 2726 rus
513 2660 796 2725 similiter
842 2681 970 2724 non
1020 2660 1258 2744 agendo
1311 2660 1422 2724 sed
1472 2659 1752 2724 canendo
1799 2658 1976 2725 valet.
2070 2660 2494 2738 Quamobrem
2546 2680 2707 2745 pru-

362 2758 581 2823 denter
621 2756 746 2842 egit
770 2753 1111 2841 Aeschylus
1141 2776 1335 2842 quum
1364 2755 1745 2821 orchestram
1786 2755 1955 2821 hisce
1996 2755 2360 2841 assignaret,
2400 2756 2478 2820 ad
2504 2755 2706 2837 ipsam

361 2874 610 2920 scenam
649 2851 919 2938 majores
960 2858 1202 2917 1611111111
1244 2850 1398 2917 deos
1440 2852 1808 2919 admitteret.

520 2951 646 3013 Eas
674 2956 883 3033 partes
912 2947 1493 3014 Oceanitidibus
1523 2947 1799 3034 primum
1827 2945 2152 3012 attributas
2177 2944 2481 3011 videmus.
2530 2946 2703 3012 Dum

363 3065 465 3109 res
504 3044 610 3109 illa
649 3043 875 3128 agitur,
937 3059 1061 3127 qua
1109 3041 1305 3126 major
1355 3043 1525 3108 nulla
1564 3063 1841 3129 unquam
1883 3048 1981 3107 est
2019 3048 2183 3120 acta,
2232 3061 2501 3122 poenam
2555 3040 2707 3107 dum

365 3140 480 3206 luit
519 3159 780 3225 magnus
821 3137 922 3202 ille
953 3137 1386 3216 PrometheuS,
1427 3138 1748 3224 Nymphae
1791 3145 2025 3204 tantam
2066 3138 2328 3204 deorum
2370 3137 2544 3202 litem
2585 3137 2707 3222 piis

365 3233 640 3300 consiliis
680 3234 897 3300 volunt
936 3232 1023 3298 ita
1063 3254 1470 3316 componere,
1513 3232 1640 3298 acsi
1682 3254 1808 3298 non
1850 3233 1927 3297 de
1969 3233 2226 3298 summis
2267 3233 2456 3297 rebus
2499 3240 2708 3298 certa-

366 3337 569 3406 retur,
631 3328 757 3392 acsi
812 3328 949 3391 sine
999 3347 1239 3392 summa
1288 3329 1622 3415 utriusque
1670 3328 1862 3413 partis
1903 3327 2303 3394 contentione
2355 3330 2558 3395 verbis
2606 3349 2709 3394 res

369 3424 588 3491 confici
629 3430 861 3509 posset.
944 3424 1169 3487 Pacem
1211 3444 1373 3510 quae
1411 3424 1591 3511 quasi
1632 3423 1782 3489 latet
1829 3423 1895 3490 in
1936 3424 2122 3502 bello,
2161 3444 2332 3510 quae
2382 3424 2502 3488 nisi
2544 3424 2710 3489 116110

368 3520 571 3608 parari
613 3540 740 3585 non
782 3526 1016 3601 potest,
1067 3519 1225 3585 hanc
1265 3518 1407 3583 illae
1450 3519 1543 3586 vel
1587 3520 1721 3586 sine
1762 3520 1924 3586 bello
1967 3520 2241 3605 cupiunt.
2324 3519 2427 3585 Uti
2466 3520 2710 3583 Vento-

369 3637 510 3683 rum
549 3624 759 3683 motus
800 3635 995 3702 quum
1038 3614 1101 3681 in
1129 3635 1300 3680 mare
1342 3614 1709 3695 inciderunt,
1751 3615 1939 3681 maris
1978 3613 2166 3680 undis
2208 3614 2385 3700 quasi
2426 3613 2711 3679 reddun-

369 3720 479 3779 tur
516 3714 827 3800 simulque
870 3715 1266 3797 franguntur,
1321 3713 1408 3777 sic
1449 3712 1572 3779 fata
1609 3709 1967 3778 Promethei
2016 3711 2093 3776 ab
2135 3710 2258 3775 illis
2298 3716 2552 3792 pectore
2590 3731 2710 3775 ex·-

373 3808 706 3892 cipiuntur‚
746 3809 1098 3892 planctibus
1127 3808 1493 3886 redduntur,
1533 3808 1913 3874 carminibus
1937 3806 2273 3873 leniuntur.
2335 3808 2430 3875 Ne
2458 3814 2710 3893 specta·-

374 3911 579 3969 torum
624 3906 810 3970 animi
852 3906 1138 3972 labantur
1191 3912 1300 3971 aut
1339 3904 1417 3969 de
1458 3926 1611 3991 pace
1653 3913 1718 3969 et
1759 3904 1957 3969 salute
1999 3902 2347 3989 desperent,
2388 3900 2710 3988 Nympha-

374 4020 516 4078 rum
558 3999 785 4064 chorus
824 4001 1051 4068 nimios
1093 4001 1440 4067 animorum
1482 4007 1692 4066 motus
1735 3999 2011 4066 canendo
2061 3998 2220 4065 levat
2260 4005 2323 4063 et
2363 3996 2708 4083 restinguit.

376 4096 566 4175 Quod
607 4094 671 4159 in
713 4094 835 4160 fine
876 4097 1296 4176 nihilominus,
1339 4096 1618 4184 quamvis
1659 4118 1697 4163 a
1734 4094 2047 4162 Mercurio
2088 4093 2435 4160 admonitae
2479 4101 2709 4160 sortem

377 4191 862 4258 crudelissimam
905 4192 1116 4277 fugere
1159 4194 1405 4273 nolunt,
1456 4193 1520 4258 id
1562 4201 1793 4280 quanta
1844 4199 1974 4257 arte
2024 4192 2100 4256 ab
2140 4191 2446 4278 Aeschylo
2487 4189 2567 4255 sit
2607 4190 2710 4254 in·-

380 4287 693 4367 stitutum,
734 4288 831 4355 vix
873 4288 1080 4353 dicere
1121 4310 1395 4373 possum.
1475 4292 1614 4355 Jam
1656 4289 1819 4355 enim
1862 4287 2032 4354 chori
2073 4295 2281 4370 partes
2329 4292 2476 4351 sunt
2513 4291 2708 4350 actae.

381 4384 564 4448 Haud
605 4389 886 4467 profecto
938 4390 1035 4449 est
1085 4386 1420 4451 earundem
1464 4407 1705 4454 summa
1746 4387 1865 4452 ista
1916 4385 1980 4451 in
2023 4393 2301 4451 extremo
2342 4380 2710 4468 perferendo

383 4477 544 4543 malo
595 4480 938 4546 constantia
989 4480 1140 4566 (Pro
1185 4485 1356 4546 1063.
1403 4484 1522 4567 sq.)
1575 4492 1640 4549 et
1679 4504 1920 4551 summa
1969 4482 2031 4547 in
2082 4479 2406 4548 audiendis
2447 4478 2709 4545 aliorum
