2978 4869
1250 202 1689 269 ...27-

305 399 452 443 nem
505 396 666 463 quae
713 381 939 462 poetae
989 374 1180 440 fuerit
1228 394 1372 439 cum
1421 373 1722 460 religione
1780 372 2271 458 cognoscendam
2322 372 2399 438 ad
2441 383 2637 439 'suum

304 474 510 538 locum
563 472 635 556 (S.
677 472 772 556 1‘2)
824 491 1127 558 quaerere
1178 470 1553 536 differamus,
1642 473 1823 541 Nunc
1874 469 1950 534 ad
1999 468 2269 554 speciem
2318 474 2642 535 reverten-

302 567 450 632 dum
492 565 898 653 habitumque
941 567 1255 632 scenicum
1297 566 1405 652 qui
1458 587 1585 631 non
1626 567 1690 632 in
1737 585 2000 630 numero
2050 571 2150 628 est
2184 563 2441 648 positus.
2523 564 2640 629 vi-

303 671 404 727 tae
454 660 680 727 Aesch.
731 653 954 727 auctor
1009 662 1279 727 fabulam
1331 659 1566 747 profert
1626 681 1751 746 qua
1805 668 2046 727 tantum
2106 657 2254 724 dicit
2302 666 2643 745 conspectu

300 756 602 823 furiarum
653 764 961 823 terrorem
1011 777 1149 823 esse
1200 764 1406 823 ortum
1456 764 1529 824 ut
1581 757 1848 822 animam
1898 755 2104 820 subito
2155 753 2422 820 infantes
2462 755 2641 820 effla-

305 860 474 932 rent,
524 852 805 938 gravidae
854 850 1149 919 mulieres
1197 854 1483 919 abortum
1526 856 1816 918 facerent.
1897 852 2066 916 Haec
2105 857 2402 938 quantam
2443 850 2646 920 habe-2

299 957 410 1014 ant
454 948 727 1015 veritatis
786 949 1386 1015 commendationem
1429 971 1557 1014 non
1598 947 1845 1015 difficile
1894 953 1992 1011 est
2037 947 2243 1013 videre
2263 947 2327 1032 ¹).
2409 948 2645 1015 Tamen
2757 962 2770 969 ”

302 1034 492 1131 quam
536 1043 706 1108 addit
746 1043 1010 1130 scriptor
1046 1045 1202 1110 tanti
1241 1045 1499 1111 terroris
1541 1063 1791 1109 causam
1842 1063 1969 1107 non
2008 1041 2074 1106 in
2115 1042 2374 1108 eandem
2416 1063 2491 1108 ea
2532 1062 2644 1109 su-

306 1139 651 1226 spicionem
692 1139 923 1204 incidit.
1007 1141 1214 1219 Quam
1264 1141 1346 1207 sit
1383 1147 1599 1228 aptum
1651 1138 1828 1205 furiis
1875 1157 2099 1205 canum
2139 1136 2335 1203 instar
2373 1139 2645 1204 scelera-

303 1244 437 1302 tum
479 1235 1026 1322 persequentibus»,
1074 1243 1150 1303 ut
1198 1235 1477 1320 singulae
1519 1234 1730 1322 potius
1781 1233 1952 1300 nullo
1994 1240 2166 1298 certo
2206 1233 2423 1301 ordine
2464 1239 2644 1321 (σπο-

302 1327 534 1417 ράδην)
574 1351 763 1417 quam
803 1350 935 1395 uno
977 1337 1043 1395 et
1082 1330 1445 1396 continuato
1487 1331 1731 1416 agmine
1773 1336 2139 1415 appareant,
2179 1350 2307 1394 non
2349 1351 2510 1416 opus
2551 1338 2648 1396 est

302 1430 378 1490 ut
405 1425 690 1509 pluribus
724 1425 1164 1492 demonstrem.
1226 1426 1437 1504 Quare
1468 1425 1619 1510 quin
1654 1433 1720 1490 et
1754 1424 2127 1510 epiparodus
2170 1424 2343 1492 chori
2386 1427 2486 1505 (V.
2498 1430 2645 1507 244)

304 1528 405 1584 et--
429 1521 699 1605 paredus
758 1517 1098 1605 σποράΰην
1150 1521 1233 1586 sit
1289 1521 1452 1588 facta
1514 1542 1641 1586 non
1693 1520 1927 1586 dubito.
2008 1521 2103 1586 De
2154 1541 2280 1606 qua
2331 1542 2402 1586 re
2441 1540 2645 1588 meam

302 1616 562 1685 omnino
605 1615 1017 1682 Wieseleri
1059 1617 1126 1694 (l.
1169 1617 1208 1683 1.
1250 1640 1310 1704 p.
1349 1618 1583 1682 LXVII
1623 1617 1765 1682 Not.
1807 1618 1886 1682 57
1927 1623 1991 1680 et
2028 1618 2248 1683 XLIII.
2288 1617 2364 1685 N.
2404 1622 2484 1684 38
2526 1624 2647 1703 sq.)

306 1713 651 1776 sententiae
685 1711 1014 1777 adscribas.
1075 1712 1363 1779 Invenies
1395 1712 1479 1776 ibi
1515 1719 1579 1777 et
1603 1711 1986 1797 reliquorum
2017 1712 2290 1779 virorum
2319 1714 2646 1780 doctorum

306 1806 668 1872 sententias,
728 1843 810 1855 —-
872 1806 1060 1884 Quod
1121 1827 1266 1874 vero
1325 1806 1404 1871 ad
1457 1805 1663 1891 ipsum
1724 1805 2023 1871 furiarum
2071 1807 2350 1887 habitum
2406 1809 2646 1886 attinet,

302 1909 588 1969 nostrum
629 1903 776 1980 erit,
816 1902 1089 1970 breviter
1129 1924 1204 1968 ea
1244 1903 1465 1967 afferre
1508 1921 1670 1987 quae
1711 1901 1788 1967 ab
1832 1899 1969 1986 ipso
2009 1903 2316 1989 Aeschylo
2357 1913 2505 1970 sunt
2542 1904 2646 1970 in·-

304 1996 526 2076 dicata,
568 1998 646 2062 de
685 1997 943 2084 reliquis
984 1998 1062 2063 ad
1102 2019 1213 2064 eos
1254 1997 1549 2064 lectorem
1591 1996 1887 2081 relegare,
1930 1997 2038 2082 qui
2081 1997 2261 2064 docte
2303 1998 2418 2067 hac
2458 1999 2536 2065 de
2577 2019 2645 2066 re

307 2098 375 2165 et
413 2091 666 2176 copiose
708 2091 1120 2179 disputarunt.

380 2194 387 2199 ’
470 2187 794 2273 virginum
837 2188 1108 2273 primum
1151 2189 1260 2256 sed
1304 2209 1525 2256 senum
1566 2190 1869 2275 virginum
1912 2189 2185 2276 speciem
2234 2189 2428 2256 furias
2468 2195 2649 2256 retu-

302 2282 455 2349 lisse
503 2304 724 2349 versus
777 2291 841 2348 te
883 2283 1147 2349 doceant
1192 2289 1289 2352 68.
1329 2290 1427 2351 69.
1480 2285 1575 2351 uti
1627 2293 1692 2352 et
1740 2290 1914 2353 1034.
1963 2286 2073 2351 ubi
2119 2294 2339 2360 παῖδες
2382 2286 2648 2361 ἄπαιδες

296 2377 428 2466 jam
470 2376 920 2445 Schuetzius
961 2377 1112 2447 vidit
1149 2378 1315 2445 idem
1343 2401 1483 2446 esse
1523 2380 1695 2467 quod
1731 2378 2016 2448 παλαιαὶ
2057 2387 2292 2455 wazone.
2374 2379 2646 2447 Foedam

304 2474 567 2540 formam
612 2481 743 2541 192.
787 2480 922 2541 193.
963 2474 1194 2557 Apollo
1246 2475 1323 2540 iis
1365 2475 1719 2561 exprobrat.
1805 2473 2099 2542 Pluribus
2149 2472 2307 2540 hanc
2357 2474 2648 2541 sacerdos

301 2569 603 2656 Delphica
642 2574 739 2636 46.
783 2590 875 2657 sq.
924 2571 1256 2647 describit}
1299 2570 1542 2638 confert
1591 2570 1756 2637 enim
1799 2590 1942 2636 cum
1984 2568 2380 2654 Gorgonibus
2403 2571 2470 2656 ”)
2513 2571 2648 2657 pri-

302 2685 497 2743 mum,
537 2673 674 2732 tum
712 2687 855 2731 cum
894 2657 1183 2753 Harpyiis
1223 2667 1445 2746 furias,
1497 2667 1582 2732 ita
1622 2673 1860 2745 tamen,
1900 2675 1973 2732 ut
2009 2686 2218 2733 veram
2259 2686 2473 2732 earum
2513 2666 2646 2732 for-

302 2782 470 2827 mam
510 2761 625 2825 hac
668 2761 1132 2843 comparatione
1185 2783 1254 2826 se
1295 2769 1646 2828 assecutam
1696 2784 1836 2828 esse
1875 2770 2076 2847 neget.
2156 2763 2355 2828 Porro
2396 2763 2649 2844 ἄπτεροι

303 2857 598 2922 dicuntur
646 2854 781 2940 (51)
835 2892 912 2905 —
966 2857 1075 2921 sed
1138 2877 1302 2942 quae
1363 2853 1656 2940 ἀπτέροις
1686 2854 2082 2940 παπ-ἤμασιν
2126 2856 2285 2941 (250)
2328 2854 2645 2920 celerrime

308 2957 769 3040 persequantur
809 2950 1118 3019 Orestem.
1133 2950 1225 3036 Μ)
1299 2952 1397 3016 De
1450 2949 1643 3035 nigris
1682 2949 1958 3016 vestibus
2005 2949 2247 3020 videtur
2293 2950 2648 3036 intelligen-

304 3049 457 3113 dum
507 3047 676 3134 quod
726 3043 1052 3130 μέλαιναι
1092 3046 1210 3132 (51)
1259 3053 1575 3114 vocantur.
1649 3045 2024 3112 conserendi
2067 3054 2215 3113 sunt
2251 3067 2468 3114 versus
2508 3051 2645 3113 352.

303 3148 424 3210 353
464 3137 890 3232 (παλλεύκων
933 3138 998 3205 δὲ
1026 3138 1284 3208 πέπλων
1322 3147 1334 3228 Ι
1372 3142 1665 3225 ἄμοιρος,
1708 3141 1993 3223 ὤολκηρος
2024 3141 2362 3231 ἐτύχθην)
2405 3147 2471 3206 et
2506 3145 2645 3210 375.

304 3237 529 3306 Guttas
579 3256 724 3303 vero
775 3253 932 3319 quas
981 3232 1322 3300 horrendas
1365 3232 1500 3318 (54)
1555 3234 1632 3298 ab
1684 3233 1881 3299 oculis
1922 3233 2189 3320 dejicere
2233 3234 2525 3305 dicuntur
2581 3238 2647 3304 in

303 3354 574 3422 persona
614 3352 742 3397 non
783 3328 979 3415 pictas
1005 3329 1201 3397 fuisse
1242 3329 1378 3395 iure
1418 3327 1886 3397 Klausenius
1928 3330 2173 3397 censuit
2212 3330 2333 3416 (pg.
2366 3336 2463 3399 53.
2504 3334 2649 3401 Not.

304 3430 423 3514 61).
491 3426 741 3506 Quibus
782 3425 904 3488 iam
946 3426 1103 3491 adde
1146 3446 1434 3491 somnum
1474 3422 1775 3491 furiarum
1815 3425 1882 3491 in
1924 3426 2095 3492 soliis
2136 3427 2489 3496 sedentium
2531 3428 2649 3514 (47)

303 3523 606 3611 μυγμὸν
661 3520 848 3585 istum
893 3526 958 3584 et
1005 3517 1247 3606 ὥγμόν
1279 3519 1717 3587 dormientium
1761 3521 1899 3607 (117
1942 3543 2034 3609 sq.
2076 3525 2153 3587 cf.
2196 3523 2381 3588 etiam
2422 3526 2494 3588 V.
2530 3524 2648 3608 53.)

302 3615 579 3681 carmina
620 3614 893 3701 denique
943 3613 1212 3704 (ὖξιινσν
1250 3616 1587 3703 praecipue
1634 3612 1917 3703 δέσμιον
1960 3623 2079 3684 306
2121 3617 2233 3704 sq.)
2276 3625 2341 3682 et
2367 3617 2648 3686 saltatio·-

305 3732 419 3778 nes
462 3730 677 3777 earum
710 3709 799 3776 'de
840 3709 1070 3795 quibus
1096 3710 1334 3777 utinam
1361 3711 1684 3778 meliorem
1724 3711 2097 3778 haberemus
2134 3712 2417 3778 notitiam
2459 3709 2645 3801 quam

306 3827 468 3895 quae
508 3805 711 3874 verbis
754 3812 818 3870 et
844 3804 1055 3871 metris
1095 3825 1316 3886 parum
1357 3806 1543 3874 hodie
1569 3808 1752 3874 nohis
1791 3807 2239 3893 suppeditatur.
2289 3811 2647 3878 Accessisse

306 3902 769 3989 quodammodo
809 3908 1011 3968 totum
1054 3901 1354 3969 furiarum
1383 3902 1662 3970 habitum
1705 3903 1785 3969 ad
1826 3923 2049 3968 canum
2089 3910 2454 3973 venatorum
2496 3928 2646 3992 spe-

304 3998 466 4064 ciem
509 4018 625 4062 suo
666 3997 803 4064 iure
841 3997 1260 4065 Muellerus
1303 4000 1650 4076 contendit,
1703 4019 1908 4083 neque
1959 3997 2270 4067 immerito
2322 4002 2443 4068 huc
2494 4000 2644 4065 illud

305 4089 470 4179 λαβὲ
515 4092 726 4158 retulit
768 4092 935 4179 quod
978 4092 1329 4160 latrantium
1374 4097 1554 4181 quasi
1596 4115 1710 4177 per
1750 4114 2038 4164 somnum
2082 4096 2163 4163 sit
2202 4118 2424 4164 canum
2467 4095 2644 4178 (130),

450 4304 508 4362 *)
545 4312 612 4359 er.
650 4312 970 4359 Hermann.
1006 4315 1041 4360 1.
1078 4316 1114 4360 1.
1149 4333 1220 4345 -—
1257 4315 1571 4369 Droysen.
1607 4325 1688 4370 pg-
1727 4312 1849 4364 ³77.
2669 4345 2678 4353 0

457 4374 538 4432 ⁰⁹)
578 4383 685 4436 Quo
733 4381 978 4437 pertineat
1024 4386 1150 4429 naec
1196 4383 1384 4431 formae
1420 4385 1687 4432 similitudo
1735 4387 2117 4433 Wakefield.
2156 4383 2294 4432 dixit.
2331 4404 2402 4413 —
2441 4386 2515 4429 ne
2552 4385 2641 4430 lin-

311 4462 412 4508 gua
452 4462 517 4495 ex
554 4463 640 4497 ore
676 4454 920 4507 pendente
955 4453 1309 4499 Muellerus
1344 4455 1582 4512 cogitavit
1618 4451 1723 4514 (pg-
1761 4451 1913 4514 186.)
1953 4456 2179 4500 Ceterum
2217 4453 2277 4500 cf.
2315 4452 2445 4499 infra
2482 4452 2533 4508 S·
2556 4451 2640 4501 12·

460 4513 567 4576 ⁹⁶⁰)
605 4524 754 4580 Apud
792 4521 959 4582 Burin.
1001 4520 1193 4579 (orest.
1233 4521 1335 4574 8⁰4
1372 4527 1432 4573 ed
1467 4522 1652 4588 Bothe)
1694 4527 1791 4574 aus
1825 4537 1923 4572 non
1959 4528 2145 4570 carent.
