2978 4869
1351 191 1790 259 ...1ss-

399 356 703 423 dictorum
746 358 1068 442 gravitate,
1118 361 1250 447 ipsa
1302 369 1432 427 arte
1474 384 1589 430 sua
1630 389 1756 432 non
1795 369 2066 435 meruit?
2144 373 2337 440 Modo
2389 385 2458 444 ut
2509 356 2738 447 rectis-

398 454 553 518 sime
604 454 682 518 de
732 464 919 541 poeta
980 457 1396 524 concedamus
1458 469 1708 548 poetam
1753 460 2095 551 J'udicasse:
2183 469 2284 535 ὅτι
2348 473 2406 537 εἰ
2472 474 2590 539 καὶ
2658 502 2741 542 τα

400 548 636 615 δέοντα
678 560 842 616 ποιεῖ
884 554 1037 618 ἀλλ’
1081 554 1216 617 οὐκ
1261 551 1434 632 εἰδώς
1475 587 1573 643 γε.
1598 568 1650 649 *)

553 646 680 712 Sed
731 648 1097 713 Ciceronem
1148 649 1492 719 audiamus,
1574 657 1876 736 „Veniat‚
1931 659 2161 744 inquit,
2215 663 2553 750 Aeschylus
2608 686 2737 730 non

394 750 585 829 poeta
626 745 829 810 solum
874 744 984 809 sed
1027 746 1213 811 etiam
1242 748 1687 835 Pythagoram,
1733 754 1821 819 sic
1863 755 2028 820 enim
2058 759 2468 844 accepimus.“
2522 761 2739 845 (Tusc.

394 840 678 920 Quaestt.
706 849 764 917 2,
795 848 888 907 10.
912 841 1014 928 in.)
1079 844 1269 910 Vides
1291 848 1519 914 summi
1550 847 1659 914 viri
1691 850 2117 918 testimonium
2151 877 2228 920 eo
2271 858 2440 943 quod
2481 857 2559 921 ab
2602 857 2738 923 aliis

392 938 455 1002 id
496 959 564 1002 se
603 936 916 1022 accepisse
958 939 1204 1019 fatetur,
1248 941 1575 1023 debilitari,
1618 943 1808 1012 immo
1851 946 1929 1011 ad
1969 949 2121 1013 nihil
2157 952 2388 1018 reduci.
2451 955 2582 1019 Nos
2606 953 2740 1040 jam

396 1032 724 1099 contemtis
775 1037 1247 1103 auctoritatibus
1298 1061 1449 1104 num
1502 1060 1662 1125 quae
1717 1041 1909 1107 insint
1958 1043 2021 1106 in
2073 1045 2228 1129 ipsis
2279 1049 2532 1136 Aechyli
2585 1050 2738 1115 dra-

392 1129 571 1195 matis
611 1129 896 1217 vestigia‚
939 1133 1016 1201 de
1054 1133 1565 1219 Pythagoreismo
1608 1157 1770 1223 quae
1814 1138 1998 1204 fidem
2036 1139 2277 1218 iaciant,
2320 1145 2737 1230 experiamur.

391 1227 520 1293 Sed
570 1227 777 1293 oleum
829 1234 893 1292 et
940 1249 1194 1313 operam
1244 1230 1507 1314 perdere
1560 1233 1740 1299 nobis
1803 1234 2122 1303 videamur
2184 1238 2234 1300 si
2297 1242 2506 1305 omnia
2565 1243 2742 1308 hune

387 1324 452 1388 in
495 1325 679 1388 finem
721 1324 798 1387 ab
842 1323 1313 1408 interpretibuS‚
1357 1348 1392 1391 a
1435 1329 1774 1417 Stanlejo
1816 1332 2207 1417 potissimum
2257 1333 2437 1400 allata
2477 1346 2737 1423 repeta-

389 1440 551 1484 muS.
632 1416 831 1482 Multa
882 1417 1050 1485 enim
1101 1441 1243 1486 non,
1279 1432 1609 1512 propterea
1670 1428 1816 1514 quia
1868 1448 2008 1491 cum
2050 1429 2435 1514 Pythagorae
2488 1431 2732 1517 placith

388 1514 788 1593 conveniunt,
853 1515 963 1580 sed
1018 1517 1165 1603 quia
1216 1541 1251 1584 a
1302 1521 1537 1604 vulgari
1590 1520 1883 1606 opinione
1920 1521 2301 1608 discrepant,
2364 1534 2597 1590 temere
2637 1528 2730 1591 illi

387 1612 733 1679 laudarunt.
816 1612 1141 1691 Quaesivit
1181 1651 1255 1661 —
1297 1622 1368 1679 ut
1409 1616 1763 1700 exemplum
1807 1622 2048 1683 tantum
2091 1619 2417 1684 afferamus
2447 1655 2529 1665 —-
2558 1620 2728 1685 hune

387 1711 452 1772 in
501 1708 755 1771 modum
808 1707 1309 1795 Hauptius”):
1368 1709 1602 1789 „Quae
1644 1711 1722 1776 de
1770 1714 2015 1778 numeri
2064 1715 2120 1781 vi
2176 1722 2365 1800 atque
2417 1716 2727 1780 exercitae

386 1802 727 1870 memoriae
780 1805 1158 1891 praestantia
1207 1813 1365 1872 teste
1405 1807 1727 1873 lamblich.
1779 1808 1880 1875 vit.
1924 1810 2099 1896 Pyth.
2152 1815 2228 1876 17
2271 1819 2335 1875 et
2375 1818 2452 1878 29
2492 1810 2766 1897 Pytha-2

385 1901 968 1988 goreidocuerunt,
1010 1901 1086 1966 iis
1128 1924 1335 1968 nonne
1380 1903 1686 1970 simillima
1727 1907 1935 1970 Prom.
1977 1911 2096 1973 459
2138 1909 2273 1994 sq.‘?
2276 1910 2404 1943 ““““
2408 1908 2425 1993 )
2509 1907 2730 1973 Simil-

383 2000 557 2078 lima,
621 1998 838 2064 fateor.
929 1998 1178 2064 Scilicet
1238 1999 1356 2063 nisi
1419 2001 1794 2087 Pythagoras
1857 2002 1920 2067 id
1981 2002 2325 2080 docuisset,
2396 2003 2507 2090 qui
2569 2005 2727 2070 scire

383 2104 571 2184 po’eta
612 2094 947 2182 potuisset!
1011 2094 1181 2174 Quid
1221 2099 1411 2163 vero?
1451 2118 1580 2184 quo
1623 2099 1816 2183 magis
1857 2106 1956 2163 est
1996 2098 2279 2185 Aeschyli
2310 2100 2725 2167 Prometheus

381 2190 893 2281 praestantissimi
937 2192 1165 2277 ingenii
1216 2192 1673 2274 testimonium,
1724 2214 1801 2259 eo
1851 2193 2056 2260 minus
2106 2196 2183 2260 ab
2236 2195 2375 2281 ipso
2416 2195 2725 2284 Aeschylo

381 2297 623 2357 tantum
667 2288 993 2355 consilium
1036 2289 1382 2375 profectum
1427 2312 1565 2356 esse
1610 2291 1727 2356 sibi
1763 2291 2139 2378 persuadere
2170 2301 2528 2380 potuerunt.
2591 2295 2726 2361 To-

380 2398 506 2456 tam
551 2387 713 2452 illam
756 2386 833 2453 de
873 2386 1246 2452 Prometheo
1290 2394 1353 2453 et
1391 2388 1662 2455 Hercule
1706 2388 2151 2469 narrationem,
2206 2398 2269 2456 et
2320 2390 2438 2478 qui*
2477 2390 2722 2457 tribua-

378 2495 484 2553 tur
522 2484 899 2551 Prometheo
954 2484 1177 2564 honor,
1228 2485 1305 2550 ad
1345 2485 1877 2572 Pythagoreorum
1929 2485 2271 2549 doctrinam
2315 2485 2468 2552 haec
2510 2488 2719 2554 omnia

361 2583 753 2668 ‚Hauptius
817 2581 1045 2644 retulit.
1142 2582 1376 2646 Verum
1446 2588 1750 2664 quantum
1809 2579 2053 2645 differat
2113 2581 2357 2666 poetica
2420 2583 2536 2649 ista
2598 2605 2723 2671 qua

375 2677 722 2764 Aeschylus
762 2675 1208 2740 Prometheum
1258 2681 1483 2740 tractat
1534 2675 1610 2740 ab
1666 2673 1767 2739 illa
1819 2674 2244 2762 philosophica
2297 2678 2538 2744 ratione
2592 2701 2718 2746 non

377 2775 545 2843 vidit.
628 2773 843 2853 Quum
886 2772 1054 2837 enim
1094 2770 1463 2859 Pythagorei
1503 2768 1727 2857 μέσον
1786 2773 2099 2859 quoddam
2148 2772 2349 2858 γένος
2375 2783 2507 2840 τῶν
2533 2783 2721 2860 λογι-

375 2881 516 2938 κῶν
547 2870 801 2936 οὐσιῶν
850 2868 1113 2936 heroum
1165 2890 1361 2955 genus
1405 2889 1545 2934 esse
1598 2869 1961 2933 statuissent
1998 2868 2368 2955 AeschyluS,
2419 2889 2548 2935 non
2599 2870 2720 2937 he-

376 2987 550 3031 roem
600 2972 709 3029 aut
759 2965 943 3029 deum
988 2965 1380 3041 inferiorem,
1422 2965 1615 3027 immo
1657 2985 1799 3029 cum
1839 2965 1993 3031 Jove
2037 2971 2379 3029 certantem
2422 2965 2719 3051 dignum-

375 3082 500 3150 que
542 3058 985 3127 Prometheum
1037 3059 1213 3124 finxit
1264 3058 1364 3123 cui
1415 3059 1512 3124 vel
1564 3059 1666 3124 ille
1716 3082 1954 3127 morem
2004 3068 2278 3147 gereret,
2340 3062 2718 3152 cederetque

376 3157 837 3247 quodammodo
867 3165 1084 3243 „pater
1111 3155 1442 3242 divumque
1464 3154 1889 3243 hominumq.“
1944 3158 2068 3223 Sed
2089 3158 2218 3245 jam
2250 3157 2483 3223 diutius
2512 3160 2570 3221 H
2579 3179 2717 3223 au-

376 3256 617 3342 ptium
660 3254 881 3318 morati
926 3275 1160 3319 sumus.
1244 3252 1407 3319 Sunt
1434 3251 1738 3339 ejusmodi
1781 3260 1846 3317 et
1886 3253 2124 3338 reliqua
2166 3261 2527 3336 argumenta
2569 3252 2717 3339 qui-

376 3354 497 3417 bus
567 3347 1024 3435 Pythagoreum
1109 3348 1311 3413 facere
1381 3348 1752 3435 Acschylum
1825 3348 2226 3413 conabantur.
2329 3349 2400 3412 In
2473 3369 2717 3414 summa

378 3445 761 3535 quaestionis
815 3445 875 3510 id
929 3445 1109 3511 nobis
1160 3453 1432 3521 maneat,
1486 3444 1802 3530 ingenium
1855 3444 2140 3531 Aeschyli
2190 3445 2459 3511 nobilius
2522 3446 2715 3512 fuisse

377 3566 566 3632 quam
597 3543 768 3631 quod
800 3541 1181 3631 Pythagorae
1224 3562 1411 3628 quam
1455 3541 1571 3607 sibi
1618 3540 1980 3628 sapientiam
2025 3540 2252 3605 debere
2295 3541 2604 3620 maluerit,
2654 3549 2718 3607 et

378 3663 517 3706 esse
559 3641 694 3728 ejus
735 3663 811 3706 ex
852 3640 1027 3726 poesi
1068 3638 1305 3726 ubique
1347 3639 1715 3704 emicantem
1757 3636 2211 3724 philosophiam
2255 3637 2435 3722 longe
2477 3636 2711 3724 Pytha-

375 3759 559 3825 gorea
601 3739 702 3804 illa
745 3739 806 3804 in
850 3736 1125 3802 numeris
1168 3736 1296 3802 fere
1340 3734 1595 3800 omnino
1635 3742 1917 3801 versante
1959 3733 2493 3821 praestantiorem.
2555 3734 2711 3798 Eam

376 3844 442 3901 et
483 3835 636 3899 alios
676 3835 795 3901 vim
839 3833 1086 3899 tandem
1130 3832 1397 3898 sensisse
1440 3840 1505 3897 et
1544 3832 1865 3919 agnovisse
1895 3830 2124 3916 ingenii
2153 3837 2249 3895 est
2276 3828 2423 3894 mihi
2464 3830 2712 3917 Droy-

378 3931 635 3998 senius
676 3930 1032 3996 testimonio
1074 3931 1158 4016 (in
1202 3949 1354 3997 vers.
1398 3950 1457 4015 p.
1500 3927 1657 4014 555).

375 4052 481 4061 -n-

520 4101 570 4169 ¹¹¹)
612 4111 792 4157 Athen.
843 4113 881 4155 i.
932 4122 979 4166 p.
1019 4110 1103 4158 22.
1149 4113 1210 4160 Α.
1261 4110 1436 4159 Sciens
1494 4107 1690 4165 scripsi.
1772 4105 2087 4185 Quod'en‘np
2133 4112 2401 4184 propterca
2446 4107 2708 4174 iiaecoso·

376 4186 581 4242 phocies
605 4184 665 4229 de
698 4182 955 4237 Aeschylo
989 4184 1310 4236 praedicasse
1351 4181 1560 4238 dicitur,
1600 4179 1728 4234 quoti
1767 4176 2007 4236 „pibvwv
2042 4189 2212 4224 εκοιει
2247 4191 2343 4232 τας
2376 4167 2710 4238 τροιςνῳδιοιςιι
2749 4199 2758 4208 ·

376 4261 456 4304 est
492 4266 551 4300 ea
591 4255 717 4301 adeo
754 4262 999 4307 perversa
1030 4257 1294 4302 verborum
1329 4252 1593 4308 sophoclis
1630 4248 1999 4308 interpretatio,
2038 4255 2092 4296 nt
2129 4253 2212 4296 vei
2247 4246 2575 4306 perversitate
2614 4255 2710 4292 sua

373 4326 500 4372 dicto
536 4326 675 4372 iidem
712 4324 879 4372 faciat.
912 4346 984 4355 --

513 4388 597 4447 ”J
636 4398 858 4451 Quaestt.
896 4397 1136 4452 Aeschyi.
1172 4395 1374 4449 specim.
1410 4398 1451 4440 1.
1491 4407 1570 4451 cp.
1608 4396 1677 4442 V.

518 4456 625 4524 ⁸¹⁶⁹)
662 4471 719 4513 ln
745 4469 956 4515 citandis
980 4466 1226 4521 Aeschyli
1242 4466 1368 4511 iocis
1403 4477 1639 4514 numeres
1677 4474 1913 4510 versuum
1938 4467 1984 4509 et
2011 4461 2330 4519 scriptionem
2368 4462 2571 4507 secutus
2598 4465 2708 4505 sum

377 4537 603 4585 editionis
643 4536 761 4594 (G.)
801 4540 1147 4588 Dindornanae
1185 4535 1399 4593 (oxonii
1440 4538 1605 4599 ¹⁸3²3
1643 4539 1965 4586 accesserunt
1997 4537 2234 4581 annotatt.
2277 4523 2458 4591 1841.)
