2978 4869
1226 202 1672 269 ...43-

273 376 677 446 annotatione
733 375 1033 443 evincitur
1095 394 1221 460 qua
1293 372 1689 459 εὶςονγωγὲως
1761 370 1889 438 sive
1948 368 2287 456 ἡγεμόνος
2349 377 2478 437 τσῦ
2530 379 2616 437 δι-

271 470 640 556 καστηρίου
678 477 1034 539 constanter
1073 476 1282 556 partes
1324 476 1537 533 tenere
1579 467 1758 533 deam
1801 465 2192 551 contendit').
2271 466 2408 531 Etsi
2449 467 2616 532 enim

271 569 542 656 praesidi
581 569 684 635 isti
725 567 938 653 iudicii
979 565 1341 651 suffragium
1381 563 1543 629 ferre
1570 563 1819 630 licuisse
1861 584 1990 628 non
2031 562 2370 628 certissime
2410 569 2619 649 potest

273 665 515 750 negari,
566 673 777 731 tamen
827 661 1154 748 ambiguae
1207 660 1552 726 sententiae
1604 660 2105 746 dijudicationem
2155 657 2222 722 in
2263 679 2408 724 eum
2449 658 2618 724 ceci-

273 760 440 826 disse
483 783 563 825 ex
601 761 738 843 ipsa
778 759 872 824 rei
913 766 1135 824 natura
1177 756 1519 823 certissime
1560 755 1849 821 affirmari
1888 754 2138 836 poterit.

433 857 560 923 Sed
627 878 756 922 non
825 875 1075 937 semper
1113 854 1527 920 Muellerus
1590 852 1759 938 quod
1820 858 2057 916 rectum
2110 857 2272 924 erat,
2355 850 2618 926 monuit,

273 973 480 1039 neque
523 952 677 1018 nihil
719 952 821 1017 ille
862 952 1071 1037 inepte
1111 950 1368 1017 molitus
1409 956 1523 1014 est.
1607 948 1814 1028 Quam
1867 947 2031 1012 enim
2073 968 2151 1011 ex
2199 945 2474 1012 diverbio
2516 946 2621 1012 illo

269 1049 582 1135 Apollinis
624 1056 690 1113 et
728 1048 1053 1114 Furiarum
1084 1047 1164 1112 de
1193 1046 1712 1133 Areopagitarum
1742 1064 2006 1111 numero
2036 1041 2403 1107 sententiam
2446 1041 2623 1107 duxit

271 1164 412 1209 eam
455 1143 727 1209 indidem
769 1143 954 1211 ducta
996 1142 1323 1210 Genellii
1364 1141 1673 1207 sententia
1703 1139 2177 1205 incertissimam
2210 1158 2349 1203 esse
2380 1138 2621 1231 evincit.

270 1239 387 1303 Ille
431 1239 597 1304 enim
642 1261 835 1326 quum
878 1261 992 1326 per
1034 1239 1275 1322 singula
1315 1237 1572 1306 diverbii
1615 1235 1928 1304 intervalla
1954 1233 2361 1318 Areopagitas
2404 1235 2622 1320 singu-

275 1334 372 1399 los
414 1333 492 1400 ad
521 1355 744 1400 urnam
786 1334 1003 1400 fecerit
1044 1334 1332 1419 suffragia
1372 1333 1641 1397 ferentes
1685 1332 2001 1418 quomodo
2045 1330 2372 1396 duodecim
2413 1332 2623 1416 potius

275 1450 466 1516 quam
529 1430 745 1495 decem
796 1428 1035 1495 ferendi
1086 1429 1250 1497 vices
1301 1424 1631 1506 invenerit,
1701 1427 1928 1492 nescio.
2020 1426 2146 1493 Sed
2195 1426 2421 1492 habeat
2475 1428 2621 1503 sibi;

279 1523 556 1589 concedo
588 1524 752 1589 enim
787 1532 929 1590 ante
959 1525 1157 1611 prima
1189 1545 1440 1611 quoque
1484 1524 1640 1609 (711)
1684 1529 1748 1588 et
1788 1531 1933 1603 post
1969 1523 2183 1589 ultima
2226 1521 2399 1587 chori
2438 1525 2624 1590 verba

278 1620 438 1705 (733)
489 1620 567 1686 ad
616 1642 837 1689 urnam
877 1621 1286 1708 Areopagitas
1338 1620 1673 1689 accessisse
1686 1640 1703 1693 ;
1774 1627 2007 1705 quanta
2045 1639 2192 1685 vero
2234 1618 2465 1704 ineptia
2510 1628 2623 1697 est,

276 1737 391 1802 per
419 1715 753 1794 intervalla,
795 1739 954 1802 quae
993 1718 1059 1782 in
1089 1717 1487 1782 contentione
1513 1715 1868 1800 gravissima
1908 1722 2016 1783 aut
2042 1714 2298 1781 minima
2340 1722 2489 1780 sunt
2515 1713 2625 1783 aut

274 1811 477 1889 nulla,
542 1813 939 1898 Areopagitis
999 1811 1237 1879 itineris
1298 1809 1645 1896 longissimi
1697 1831 1776 1874 ex
1833 1809 2149 1876 orchestra
2207 1802 2285 1877 ad
2339 1832 2506 1877 aram
2558 1812 2624 1879 in

277 1908 412 1993 ipsa
464 1928 650 1974 scena
698 1909 966 1995 positam
1019 1908 1219 1975 otium
1271 1904 1645 1974 concedere!
1707 1905 1872 1975 Satis
1926 1906 2218 1991 copiosus
2267 1905 2383 1972 hac
2434 1908 2512 1974 de
2553 1931 2623 1976 re

280 2004 504 2068 Herm
520 2023 758 2068 annus
821 2005 967 2082 fuit,
1039 2025 1416 2114 quamquam
1478 2002 1572 2070 vel
1634 2002 1882 2068 nemine
1945 2009 2240 2067 monente
2302 2010 2474 2089 patet
2532 2006 2624 2072 rei

287 2099 559 2185 ineptia.
554 2098 621 2184 ⁴¹)
700 2099 906 2167 Multo
957 2101 1340 2186 ingeniosius
1384 2120 1528 2170 vero
1577 2099 1641 2163 in
1699 2099 1820 2167 hac
1876 2118 1946 2162 re
1998 2096 2422 2165 Genellium
2487 2122 2625 2168 esse

280 2292 484 2357 sexies
536 2291 824 2368 chorum,
892 2292 1228 2378 quinquies
1282 2299 1524 2357 tantum
1572 2291 1925 2378 Apollinem
1979 2290 2169 2376 loqui.
2271 2293 2443 2356 luter
2493 2293 2626 2379 ipsa

276 2387 439 2454 facta
476 2386 771 2473 utrinque
813 2387 1000 2454 verba
1039 2386 1446 2474 Areopagitas
1500 2388 1786 2473 suffragia
1836 2388 1901 2453 in
1950 2408 2173 2453 urnam
2229 2387 2625 2473 conjicientes

278 2505 518 2573 eosque
560 2485 821 2549 deorum
862 2483 1159 2570 utrinque
1202 2484 1683 2549 constitutorum
1711 2484 1912 2551 verbis
1942 2488 2109 2548 nunc
2140 2482 2204 2547 in
2240 2483 2418 2562 hanc,
2461 2507 2626 2552 nunc

278 2581 343 2646 in
393 2580 558 2645 illam
610 2587 856 2666 partem
903 2587 1136 2646 tractos
1193 2580 1308 2645 sibi
1362 2580 1567 2658 finxit,
1642 2579 1727 2644 ita
1778 2586 1850 2645 ut
1901 2579 2180 2666 quinque
2233 2600 2348 2666 pro
2399 2581 2624 2648 Oreste

275 2677 533 2762 Apollo,
595 2698 704 2741 sex
757 2684 970 2741 contra
1020 2698 1165 2742 eum
1218 2676 1509 2762 suffragia
1548 2676 1773 2742 Furiae
1826 2676 2197 2742 extorserint
2240 2680 2504 2759 (p.237.)
2545 2715 2626 2726 —

276 2774 513 2839 Verum
558 2793 719 2858 quae
771 2772 1002 2856 ingenii
1042 2772 1582 2837 commendatione
1644 2772 1790 2836 satis
1842 2772 2097 2855 insignis
2147 2780 2245 2838 est
2292 2773 2508 2853 opinio
2551 2796 2624 2840 ea

278 2867 545 2933 multum
598 2868 803 2944 abest,
862 2874 937 2933 ut
986 2888 1103 2954 pro
1152 2874 1324 2933 certo
1372 2867 1575 2953 possit
1620 2863 1853 2932 haberi.
1944 2867 2104 2946 Quis
2157 2865 2324 2932 enim
2376 2869 2495 2933 nisi
2547 2871 2624 2935 ab

277 2963 490 3030 inferis
516 2962 893 3050 Aeschylum
936 2964 1295 3031 excitaverit
1318 2983 1650 3030 numerum
1679 2963 2195 3049 Areopagitarum
2237 2964 2325 3030 ita
2367 2965 2624 3033 definire

279 3058 533 3126 audebit
559 3068 633 3124 ut
671 3059 928 3124 dubium
965 3061 1205 3126 nullum
1235 3061 1640 3147 relinquatur.
1703 3060 1871 3140 Quid
1895 3060 2101 3128 enim?
2144 3062 2194 3127 si
2235 3061 2375 3147 quis
2415 3063 2627 3148 plures

279 3154 538 3222 omnino
589 3154 827 3220 iudices
878 3155 1128 3222 affuisse
1180 3157 1609 3223 contenderit?
1673 3158 1791 3221 Est
1841 3177 1992 3222 sane
2042 3157 2297 3243 pluralis
2336 3153 2628 3238 τευχέων

278 3251 439 3337 (742)
490 3252 553 3317 in
593 3260 888 3338 promptu
940 3254 1016 3319 ad
1070 3274 1257 3341 quem
1307 3252 1447 3340 quis
1499 3258 1823 3337 provocet,
1872 3251 2155 3318 videlicet
2204 3273 2333 3339 quo
2383 3251 2626 3332 efficiat,

276 3348 343 3413 in
385 3356 603 3433 aperto
652 3347 847 3414 fuisse
887 3371 925 3415 a
966 3371 1091 3438 qua
1140 3350 1409 3437 quisque
1458 3355 1634 3436 parte
1688 3347 1954 3427 steterit,
2014 3348 2100 3414 ita
2149 3355 2222 3416 ut
2271 3350 2391 3416 nisi
2432 3350 2625 3437 major

276 3444 556 3512 iudicum
597 3464 897 3509 numerus
940 3445 1388 3532 impedivisset,
1437 3446 1516 3512 de
1567 3445 1780 3511 iudicii
1830 3453 2057 3512 eventu
2106 3467 2233 3512 non
2274 3447 2627 3533 potuissent

276 3540 437 3606 adeo
488 3540 551 3605 in
603 3539 895 3625 ambiguo
946 3562 1087 3607 esse
1142 3541 1244 3626 (cf.
1287 3544 1359 3607 V.
1402 3543 1581 3628 744),
1629 3550 1727 3608 est
1773 3562 1986 3609 versus
2026 3547 2143 3608 748
2195 3542 2260 3607 in
2311 3550 2625 3629 promptu,

278 3656 410 3723 quo
461 3635 787 3713 doceatur,
848 3658 976 3703 non
1024 3633 1312 3705 facillime
1365 3639 1678 3729 numerari
1732 3639 2016 3721 potuisse
2067 3638 2371 3724 suffragia.
2464 3638 2627 3705 Sunt

277 3731 431 3798 haec
481 3732 545 3797 in
596 3740 918 3818 promptu:
981 3734 1122 3820 quis
1173 3736 1399 3819 neget?
1460 3736 1570 3800 sed
1611 3743 1878 3859 possunt
1917 3734 2104 3800 etiam
2143 3733 2505 3820 responderi
2548 3736 2625 3804 ad

278 3827 434 3893 haec
482 3850 641 3915 quae
684 3850 811 3894 non
854 3836 1107 3895 careant
1142 3830 1415 3897 veritatis
1457 3831 1696 3919 specie
1701 3833 1794 3917 ·“),
1845 3829 1930 3895 ita
1969 3838 2042 3897 ut
2082 3829 2290 3898 malim
2334 3834 2624 3923 equidem

425 4067 485 4130 *J
521 4078 738 4134 Anhang
772 4091 852 4135 με.
875 4076 960 4128 42

396 4139 485 4201 ”J
531 4148 633 4193 Per
680 4149 887 4196 diver-bu
933 4149 1203 4199 intervalla
1252 4151 1508 4208 slngulai
1494 4151 1543 4199 in
1581 4162 1754 4199 urnam
1792 4152 2016 4207 conjecta
2054 4165 2167 4201 esse
2205 4154 2443 4218 suffragia
2480 4146 2625 4194 enam

281 4218 702 4274 Droysenlus
739 4220 976 4268 indicavit
1011 4221 1062 4269 ln
1096 4222 1331 4269 versione
1364 4233 1478 4279 pag.
1505 4220 1625 4270 191.

417 4280 498 4343 ”J
548 4303 593 4339 e.
631 4301 682 4345 g.
721 4292 781 4337 de
817 4292 1061 4348 plurali-c
1033 4279 1272 4351 τευχέων
1316 4293 1380 4339 cf.
1419 4295 1797 4349 Bernhardy
1854 4294 1906 4340 ln
1941 4295 2149 4349 syntaxi
2196 4304 2272 4345 cp·
2300 4289 2348 4336 2.
2388 4281 2440 4347 ξ
2467 4285 2515 4334 6
2551 4309 2623 4318 —-

285 4360 447 4415 Quam
484 4372 574 4415 per
611 4372 669 4407 se
708 4363 1172 4410 commendationem
1209 4367 1390 4410 habeat
1425 4375 1659 4410 numerus
1694 4363 1781 4410 ille
1819 4366 2072 4412 duodecim
2107 4360 2321 4409 iudicum
2356 4358 2491 4405 initio
2514 4361 2621 4403 sta-

281 4429 365 4477 tim
401 4433 760 4496 Muellerus
796 4432 1060 4483 indicavit:
1110 4437 1202 4484 Ae.
1241 4438 1380 4483 num.
1418 4446 1501 4491 με.
1525 4432 1610 4483 78.
1649 4425 1699 4494 ᾧ.
1723 4432 1771 4483 9.
