2978 4869
506 752 865 839 Sapientiae
890 751 1093 816 multo
1116 749 1600 835 Schlegelius
1641 758 1856 815 nester
1891 771 2091 835 qm:-
2130 750 2372 836 reliqua
2411 749 2518 813 illa
2553 756 2688 814 tra-

345 849 627 933 gicorum
678 848 951 915 carmina
1004 845 1384 931 singularum
1434 844 1894 930 uaguediarum
1941 846 2360 911 conditionem
2399 844 2687 921 habeant,

346 944 640 1011 hancait
690 940 2122 1029 quasiipsamu'agoediamessehahendam.
2201 939 2687 1026 Sedquod‘m-

343 1035 2689 1126 geniosedixianequeabipsonequeabaliisstafinintenoetumet

341 1135 880 1220 explicatumest.
970 1133 1975 1242 Erantprimunhicquoque‚
2031 1130 2685 1216 ‹guitoni-stabulae

342 1229 673 1295 eonsilium
714 1251 783 1295 se
824 1229 1223 1314 perspexisse
1261 1237 1582 1313 putarent,
1621 1230 1678 1293 si
1717 1227 2033 1314 polium
2075 1228 2138 1292 ei
2177 1227 2484 1295 rationem
2525 1227 2684 1291 suh-

342 1346 483 1389 esse
532 1324 953 1391 ostenderent
1040 1322 1278 1389 Gonu-a
1324 1331 1620 1409 tyrannos
1669 1324 1942 1391 tabum
1989 1344 2135 1391 esse
2193 1323 2491 1403 scriptam
2547 1329 2685 1387 erat

338 1419 777 1502 Brumoei“)
818 1425 886 1485 et
922 1417 1313 1484 Schuetzii
1352 1419 1681 1483 sententia.
1740 1419 1921 1484 Adde
1959 1419 2404 1486 Passovium
2443 1418 2523 1484 ad
2550 1419 2680 1482 Po-

342 1515 557 1581 riclem
606 1513 818 1579 omnia
866 1521 1149 1600 spectare
1198 1513 1810 1597 contendentemm).
1909 1513 2040 1579 Sed
2097 1514 2342 1583 etiamsi
2401 1535 2545 1580 vere
2596 1513 2684 1578 ita

339 1632 475 1677 rem
516 1631 585 1677 se
623 1609 855 1676 habere
897 1610 1325 1677 demonstrare
1364 1608 1751 1695 potuissent,
1801 1610 1974 1696 quod
2021 1617 2233 1677 tamen
2273 1609 2458 1693 longe
2497 1629 2683 1674 secus

337 1714 439 1773 est
467 1706 622 1787 —†)
664 1726 793 1770 non
831 1725 1046 1773 verum
1084 1704 1330 1773 tabulae
1368 1705 1700 1771 eonsilium
1739 1726 2123 1792 meumque
2163 1705 2526 1771 interiorem
2567 1703 2680 1769 sed

342 1807 665 1867 externam
706 1800 844 1865 eius
886 1798 1309 1865 conditionem
1348 1797 1746 1865 indicassent.

494 1895 596 1963 Uti
636 1916 783 1965 vero
822 1895 959 1961 fieri
998 1895 1177 1972 solet,
1214 1900 1290 1959 ut
1328 1914 1407 1961 ex
1446 1893 1641 1960 alten
1677 1895 1772 1961 rei
1811 1901 1990 1981 parte
2015 1901 2294 1961 exstema
2315 1895 2399 1960 ad
2422 1895 2679 1960 alteram

337 2013 416 2057 ex
454 1989 715 2057 adverso
754 1991 815 2054 ei
852 1991 1208 2076 oppositam
1250 1988 1538 2055 homines
1578 1991 1787 2057 subito
1825 1990 2226 2068 muium,
2267 1989 2356 2055 sic
2379 1988 2483 2055 hic
2509 2010 2678 2075 quo-

336 2107 463 2172 que
503 2085 735 2171 rejecta
770 2085 875 2151 illa
924 2084 1276 2169 tragoediae
1323 2084 1738 2171 explicatione
1783 2108 1950 2194 quae
1999 2085 2260 2153 formam
2310 2085 2507 2170 magis
2559 2106 2677 2150 ex-

337 2189 576 2249 ternam
616 2202 805 2268 quam
844 2201 1101 2249 sensum
1142 2188 1384 2266 spectat
1422 2180 1857 2249 adsensum
1835 2205 1904 2249 ιιι
1941 2180 2679 2251 intimarelatentemse

332 2285 655 2347 verterunt
672 2275 1111 2359 detegendum.
1166 2277 1287 2342 Est
1313 2276 1622 2362 ejusmodi
1649 2278 2080 2365 interpretatio
2114 2277 2470 2363 symboliea,
2511 2296 2676 2362 quae

335 2394 414 2440 ex
432 2372 631 2459 adytis
659 2370 977 2454 scriptoris
996 2370 1226 2440 mentis
1266 2392 1523 2444 sensum
1565 2394 1789 2440 eruere
1821 2381 2099 2442 conamr.
2163 2370 2677 2457 Schlegelium

336 2468 458 2536 iam
506 2474 691 2538 antea
736 2467 1112 2554 symbolicae
1167 2466 1697 2553 interpretationis
1757 2477 2077 2538 auctorem
2122 2467 2475 2536 habuimus.
2561 2469 2679 2533 Est

334 2563 394 2627 ei
434 2561 846 2630 Prometheus
895 2563 999 2632 ille
1050 2564 1249 2632 totius
1296 2564 1543 2649 generis
1592 2564 1849 2634 humani
1898 2566 2103 2650 imago
2152 2562 2324 2650 quod
2363 2570 2430 2630 et
2467 2562 2674 2649 ipsum

332 2659 463 2728 sola
508 2659 826 2726 voluntate
874 2658 1107 2724 bellum
1154 2667 1375 2726 contra
1420 2667 1681 2728 naturae
1733 2661 1894 2730 vires
1943 2660 2371 2747 gravissimum
2414 2658 2568 2728 illud
2608 2666 2674 2725 et

333 2753 683 2822 inevitabile
725 2752 1037 2820 sustinere
1076 2754 1282 2834 possit
1320 2754 1448 2839 (pg.
1482 2756 1652 2839 164).
1731 2757 1994 2822 Mutavit
2019 2757 2366 2838 paullulum
2398 2754 2674 2820 Schle-

333 2850 511 2933 gelii
560 2848 933 2918 sententiam
984 2847 1452 2915 Welckerus.
1549 2850 1836 2918 Hominis
1883 2850 1985 2918 hic
2033 2870 2291 2937 quoque
2341 2848 2673 2933 imaginem

332 2943 688 3012 Promethei
740 2962 1007 3030 persona
1066 2944 1197 3010 vult
1252 2945 1334 3011 ab
1382 2945 1691 3033 Aeschon
1751 2966 1892 3014 esse
1953 2966 2341 3033 expressam,
2400 2942 2672 3012 hominis

332 3040 566 3124 quippe
606 3040 717 3124 qui
756 3039 985 3104 mentis
1024 3040 1402 3122 praestantia
1440 3041 1637 3110 fretus
1684 3063 1803 3108 nec
1843 3064 2053 3112 rerum
2095 3048 2357 3110 naturae
2397 3061 2514 3106 nec
2553 3060 2672 3105 ne-

333 3133 639 3199 cessitatis
680 3133 847 3219 leges
887 3133 1120 3198 timeat.
1202 3136 1526 3202 Humanae
1573 3137 1803 3202 mentis
1844 3137 2311 3222 sapientiaeque
2352 3133 2673 3220 egregium

330 3236 546 3296 contra
595 3236 882 3296 naturam
935 3228 1198 3308 bellum,
1268 3230 1423 3316 quid
1482 3230 1763 3314 perficiat
1809 3231 1946 3310 illa,
2011 3230 2166 3319 quid
2227 3229 2528 3312 patiatur,
2591 3228 2669 3294 ab

330 3323 635 3411 Aeschylo
684 3324 930 3409 trilogia
977 3326 1096 3390 ista
1144 3332 1466 3394 ostensum
1519 3347 1660 3392 esse
1712 3327 2047 3394 contendit.
2129 3326 2327 3394 Simul
2368 3333 2511 3412 apte
2553 3325 2671 3392 tria

330 3419 521 3485 huius
559 3420 702 3486 belli
743 3427 1063 3486 momenta
1099 3420 1298 3486 tribus
1337 3421 1620 3506 trilogiae
1661 3422 1945 3510 partibus
1984 3423 2170 3489 docet
2210 3442 2350 3487 esse
2375 3420 2667 3494 exhibita.

329 3514 664 3581 Hominem
715 3515 883 3581 enim
932 3515 1044 3602 qui
1093 3515 1367 3597 primum
1414 3518 1470 3584 vi
1523 3538 1768 3584 summa
1827 3520 2056 3588 mentis
2116 3517 2317 3584 elatus
2377 3516 2670 3582 audacter

330 3617 588 3676 nami-ae
629 3611 868 3694 legibus
909 3631 977 3677 se
1018 3619 1326 3699 opponat,
1386 3633 1535 3679 mox
1574 3613 1661 3680 ita
1701 3616 1794 3680 eis
1837 3614 2248 3681 succumbere
2294 3616 2538 3686 monet,
2599 3617 2669 3678 ut

328 3703 703 3791 impavidum
744 3725 892 3772 eum
935 3707 1111 3774 fracti
1152 3708 1322 3774 orbis
1364 3709 1581 3776 ruinae
1623 3709 1874 3784 feriant;
1926 3707 2038 3775 sed
2080 3728 2161 3771 ne
2203 3706 2368 3772 hunc
2410 3698 2666 3791 quidem

330 3800 473 3864 belli
516 3820 654 3865 esse
685 3800 895 3879 finem,
937 3801 1301 3887 sapientiam
1334 3824 1640 3872 summam
1670 3804 1738 3870 in
1766 3826 1845 3870 eo
1874 3803 2087 3884 potius
2115 3801 2367 3880 versari,
2406 3808 2480 3868 ut
2510 3824 2666 3889 quas

330 3900 440 3962 aut
485 3894 710 3964 invitus
760 3905 944 3968 antea
994 3917 1216 3984 passus
1266 3898 1373 3976 sit,
1424 3908 1534 3967 aut
1583 3901 1711 3986 pati
1751 3898 2155 3975 recusaverit,
2207 3919 2313 3966 eas
2353 3905 2488 3970 tum
2531 3899 2665 3984 ipse

472 4064 522 4127 ⁹)
569 4073 680 4127 Lsc
683 4071 741 4119 ee
786 4074 1230 4132 r.1.9ag.325
1284 4079 1457 4126 Debeo
1504 4082 1598 4125 hoc
1644 4079 1762 4124 Blu
1869 4084 2045 4122 nero:
2102 4079 2145 4124 U
2147 4081 2261 4125 eber
2308 4079 2386 4125 die
2423 4078 2538 4123 mee
2576 4074 2665 4119 des

331 4141 836 4189 schicksaslinden
917 4146 1182 4200 raoimged
1217 4148 1306 4193 des
1341 4144 2058 4206 Aesswny1‚pag.1a.sot.

470 4205 551 4264 ”J
590 4213 806 4260 Theatre
841 4147 913 4261 «ιτ
926 4216 1010 4263 Gr.
1047 4217 1088 4260 1.
1122 4227 1239 4273 pag.
1266 4214 1388 4265 298.

469 4274 808 4335 ”·)neAe
809 4284 1200 4338 samurensis
1235 4287 1514 4333 —Debeo
1551 4286 1682 4332 Hau
1694 4284 1828 4341 ptlo
1866 4289 1951 4336 1..1
1992 4298 2103 4343 ι·.ιιιι
2125 4289 2237 4334 vu.

472 4343 543 4410 †)
591 4355 650 4398 In
687 4364 745 4409 pr
721 4357 885 4401 reram
861 4364 982 4400 tenu
984 4355 1045 4401 do
1080 4359 1167 4400 tan
1170 4358 1271 4401 tum
1304 4357 1387 4402 Dr
1402 4355 1658 4410 oysenn
1695 4355 1942 4412 opinionis
1978 4356 2270 4403 mentionem
2307 4349 2515 4407 faciam,
2563 4359 2663 4402 qua

329 4414 718 4472 Atheniensibus
754 4422 974 4472 fabulam
1007 4428 1231 4472 nostram
1266 4423 1505 4481 scriptam
1540 4437 1656 4473 esse
1693 4428 2010 4485 arg-mentis,
2048 4430 2101 4471 ιιι
2137 4422 2254 4470 mim
2282 4420 2491 4475 videtur,
2531 4418 2662 4466 haud

330 4489 458 4538 saus
490 4490 641 4542 nmis
678 4493 944 4544 contendit:
982 4504 1097 4554 pag.
1121 4491 1242 4544 484.

2171 4569 2243 4625 4*
