2978 4869
1330 198 1767 264 ..44-

381 371 703 457 sejungere
745 369 1173 455 quaestionem
1214 368 1292 434 de
1334 377 1505 435 certo
1548 368 2065 455 Areopagitarum
2109 389 2374 436 numero
2413 368 2494 434 ab
2538 389 2612 435 ea
2651 369 2713 432 in

380 488 503 552 qua
545 467 675 532 sola
715 486 1060 543 versemur,
1099 473 1309 531 utrum
1350 485 1465 546 par
1507 465 1606 530 ille
1650 486 1948 531 numerus
1991 486 2068 529 an
2113 465 2311 552 impar
2352 465 2557 530 fuerit.
2598 500 2678 510 -—-

536 561 634 626 Ad
676 561 833 626 hanc
875 561 1061 646 igitur
1101 562 1294 626 solam
1336 560 1704 639 redeuntes),
1756 560 2248 627 Fritzschium
2294 567 2574 626 recentes
2617 559 2718 623 in-

376 668 545 724 terea
606 658 816 743 copias
879 658 941 721 in
1002 658 1195 722 aciem
1261 655 1592 722 deduxisse
1654 656 1951 723 videmus.
2053 657 2275 722 Valere
2327 657 2614 722 iubemus
2655 655 2718 720 in

378 763 628 835 tempus
671 754 876 838 ipsum
916 752 1311 840 Aeschylum,
1361 773 1470 817 eos
1513 751 1876 830 consulturi,
1921 775 2080 839 quos
2121 760 2364 839 praeter
2400 753 2570 818 illum
2614 751 2719 817 iu—

377 849 520 915 dicii
564 850 640 914 de
684 848 910 914 Oreste
952 848 1239 915 instructi
1279 855 1472 913 testes
1523 847 1842 915 habemus.
1926 850 2163 915 Locum
2214 870 2398 935 quem
2451 847 2718 933 primum

377 969 454 1012 ex
496 945 713 1029 Eurip.
755 943 949 1009 Elect.
994 945 1203 1030 1188*)
1244 943 1711 1010 Fritzschius
1753 944 1987 1025 attulit,
2039 968 2166 1011 non
2207 945 2515 1011 attulisset
2554 964 2721 1019 eum,

380 1043 431 1107 si
494 1041 640 1106 satis
703 1040 1061 1106 Muelleri
1119 1048 1390 1106 mentem
1452 1038 1891 1126 perspexisset.
1992 1043 2148 1106 Nam
2202 1043 2292 1107 uti
2355 1041 2473 1106 iam
2534 1059 2722 1125 supra

377 1136 762 1213 monuimus,
826 1143 923 1201 est
968 1136 1316 1202 Muelleri
1387 1135 1574 1200 etiam
1626 1136 1930 1201 sententia
1993 1157 2180 1222 quam
2230 1137 2562 1222 Euripides
2615 1134 2721 1199 illo

379 1236 517 1299 loco
558 1234 917 1315 profitetur:

831 1363 978 1427 ἴσαι
1024 1361 1088 1427 δὲ
1135 1363 1196 1428 α’
1239 1360 1611 1442 ἐκσώζουσι
1654 1360 1754 1447 μὴ
1802 1370 2046 1435 &av-silv
2091 1358 2234 1449 δίκῃ

828 1465 1047 1540 ψῆφοι
1087 1451 1383 1530 τεβεῖοἷαι
1432 1497 1511 1511 -
1561 1495 1644 1508 -
1694 1495 1777 1506 -

380 1624 569 1705 Quod
611 1622 876 1687 maxime
918 1623 1261 1708 quaeritur,
1301 1629 1513 1686 utrum
1558 1625 1886 1704 propterea
1937 1617 2381 1683 sententiarum
2424 1638 2723 1683 numerus

380 1719 634 1786 servarit
674 1724 1028 1782 accusatum
1071 1715 1239 1802 quod
1282 1715 1443 1780 inter
1485 1735 1591 1783 eas
1619 1713 1934 1780 Minervae
1977 1714 2163 1778 etiam
2202 1713 2474 1778 calculus
2517 1712 2723 1790 fuerit,

380 1838 458 1882 an
510 1814 678 1901 quod
720 1812 798 1877 ad
838 1832 1051 1897 parem
1103 1832 1436 1877 numerum
1488 1811 1743 1896 insuper
1789 1808 1891 1874 hic
1942 1808 2299 1886 accesserit,
2352 1809 2724 1893 significans,

382 1910 661 1998 quamvis
715 1908 967 1994 paribus
1020 1907 1323 1994 suffragiis
1376 1908 1543 1985 latis,
1605 1914 1810 1971 tamen
1865 1904 2136 1969 criminis
2190 1904 2543 1971 absolutum
2586 1924 2723 1969 esse

381 2008 695 2083 Orestem,
738 2004 856 2069 hoc
897 2004 1152 2068 minime
1194 2003 1396 2070 verbis
1438 2003 1573 2067 istis
1616 2000 2006 2088 dijudicatur.

535 2103 753 2187 Neque
793 2100 936 2182 plus
977 2097 1238 2185 profecit
1282 2099 1374 2165 vir
1422 2098 1818 2163 doctissimus
1850 2097 1972 2161 alio
2012 2090 2329 2181 Euripidis
2373 2096 2539 2161 loco:
2579 2093 2720 2176 Jph.

381 2200 535 2262 Tau.
578 2203 753 2262 1361.
834 2194 1192 2280 Alloquitur
1231 2194 1294 2259 in
1335 2193 1502 2261 hunc
1543 2194 1797 2261 modum
1838 2192 2118 2258 Minerva
2161 2191 2482 2258 Orestem:

1433 2365 1508 2378 —
1611 2370 1693 2381 —-
1789 2370 1870 2379 —
1917 2319 2286 2389 ἕκσῶσασοί
2332 2348 2409 2387 σε

693 2420 812 2490 καὶ
855 2419 1005 2506 πρὶν
1048 2421 1110 2506 γ’
1147 2420 1402 2505 Ἀρείοις
1445 2423 1524 2487 ἐν
1566 2422 1808 2508 πάγοις
1850 2415 2125 2503 ψήφους
2169 2417 2326 2493 ῗσας

693 2515 955 2602 κρίναο)
1001 2513 1251 2600 Ορέστα
1294 2514 1412 2581 καὶ
1456 2511 1745 2601 νόμισμ’
1789 2515 1878 2588 εἷς
1921 2509 2209 2595 ταύτόγε

697 2620 923 2686 νικᾶν,
970 2606 1207 2692 ἰσήρεις
1251 2609 1431 2684 ὅστις
1475 2610 1571 2674 ἂν
1613 2606 1891 2692 ψήφους
1929 2604 2119 2692 λάβῃ.

386 2759 558 2825 Unde
605 2757 732 2843 jam
785 2763 1024 2822 tantum
1078 2756 1142 2820 in
1190 2755 1311 2822 hoc
1360 2758 1500 2823 loco
1553 2756 1897 2823 sententiae
1956 2776 2108 2822 suae
2160 2755 2535 2841 praesidium
2587 2778 2725 2822 esse

384 2854 860 2921 Fritzschius
914 2852 1257 2918 conclusit?
1318 2852 1569 2919 Scilicet
1610 2875 1687 2919 ex
1728 2852 2095 2919 necessitate
2136 2852 2412 2919 vertendi
2453 2853 2727 2920 vocabu-

382 2953 511 3015 lum
554 2948 852 3032 κρίνασα
902 2949 966 3012 in
1024 2949 1190 3015 hunc
1246 2949 1376 3015 fere
1430 2949 1718 3018 modum:
1790 2968 2041 3035 „quum
2101 2946 2363 3012 dicenda
2421 2948 2728 3014 sententia

383 3044 815 3130 suffragiorum
877 3044 1171 3129 utrinque
1234 3066 1566 3111 numerum
1628 3050 2051 3133 aequassem.“
2150 3048 2237 3109 At
2277 3064 2438 3130 quae
2476 3044 2729 3109 tandem

383 3151 481 3209 est
512 3141 613 3206 illa
653 3138 1033 3206 necessitas?
1073 3140 1342 3206 Adesset
1382 3162 1551 3218 sane,
1594 3141 1644 3205 si
1688 3141 1897 3206 addito
1935 3141 2250 3207 Minervae
2294 3140 2529 3206 calculo
2561 3144 2727 3206 'con-

385 3246 578 3303 staret
625 3236 893 3302 eundem
945 3236 1011 3302 in
1061 3244 1394 3324 utramque
1445 3244 1685 3322 partem
1739 3236 2116 3304 calculorum
2179 3257 2509 3302 numerum
2561 3237 2729 3303 ceei-

383 3334 569 3399 disse.
652 3332 842 3410 Quod
882 3340 953 3397 ut
995 3340 1256 3410 constet,
1296 3341 1539 3399 tantum
1580 3333 1776 3409 abest,
1816 3339 1887 3396 ut
1925 3330 2044 3396 hoc
2086 3331 2292 3417 ipsum
2334 3332 2473 3398 loco
2515 3340 2729 3398 nostro

389 3452 456 3497 56
508 3429 915 3516 probaturum
965 3448 1103 3493 esse
1156 3429 1620 3494 Fritzschius
1670 3427 2042 3515 promiserit.
2124 3429 2220 3496 Ne
2269 3428 2454 3514 igitur
2494 3429 2570 3493 de
2613 3451 2729 3494 ne-

385 3526 675 3595 cessitate
729 3525 908 3589 dicat.
1004 3524 1235 3589 Posse
1288 3523 1373 3590 ita
1423 3525 1575 3591 verti
1616 3521 1914 3608 κρὶνασα
1962 3545 2088 3589 11611
2130 3544 2321 3608 nego,
2371 3524 2603 3608 optime
2646 3524 2730 3589 ita

383 3625 536 3693 verti
579 3643 738 3707 nego
762 3627 948 3707 atque
981 3641 1275 3707 pernego.
1350 3621 1675 3706 Propriam
1717 3620 1882 3685 enim
1924 3619 2096 3686 verbi
2135 3618 2388 3701 κρίνειν
2428 3618 2549 3684 vim
2592 3640 2729 3685 eam

386 3742 523 3785 esse
565 3741 687 3806 qua
717 3716 1061 3795 dirimendi,
1104 3716 1494 3783 discernendi
1535 3715 1855 3782 notionem
1897 3715 2139 3793 reddat,
2182 3711 2573 3781 manifestum
2617 3724 2727 3781 est.

383 3818 473 3881 Ea
516 3814 702 3898 igitur
740 3814 798 3882 vi
841 3813 940 3879 hic
983 3835 1237 3901 quoque
1277 3834 1507 3903 posse
1548 3819 1917 3899 usurpatum
1959 3833 2099 3878 6556
2141 3812 2506 3879 vocabulum
2551 3813 2728 3900 quis-‘

388 3931 512 3998 que
556 3912 857 3974 concedat
898 3930 1157 3975 necesse
1201 3917 1325 3988 est,
1377 3909 1613 3995 optime
1654 3930 1801 3976 vero
1844 3908 1934 3973 sic
1975 3907 2172 3990 accipi
2215 3930 2290 3972 ex
2333 3907 2574 3974 dicendi
2617 3930 2729 3995 ge-

388 4027 536 4072 nere
598 4005 881 4089 Euripidi
945 4008 1206 4092 probato
1268 4005 1501 4088 poterit
1572 4005 1715 4092 quis
1785 4003 2232 4068 demonstrare.
2327 4004 2497 4084 Quid
2567 4004 2728 4071 enim

384 4102 581 4188 magis
629 4098 911 4186 Euripidi
962 4102 1130 4168 dicas
1181 4101 1545 4178 convenire,
1609 4122 1793 4187 quam
1844 4121 1979 4166 eam
2032 4101 2474 4167 sententiarum
2524 4122 2730 4187 oppo-
2755 4157 2772 4166 ,

391 4199 694 4274 sitionem,
737 4216 861 4280 qua
903 4197 1186 4281 suffragia
1215 4197 1418 4283 paria
1449 4195 1731 4274 diremta‚
1775 4195 1836 4260 id
1878 4204 1976 4261 est
2017 4198 2193 4283 quasi
2226 4197 2539 4286 imparia
2583 4198 2729 4263 red·-

393 4290 515 4354 dita
558 4312 696 4356 esse
739 4292 1052 4377 ponatur?
1091 4292 1266 4356 Hanc
1308 4292 1495 4377 igitur
1522 4291 2117 4377 interpretationem,
2162 4295 2276 4360 nisi
2307 4294 2729 4371 certissimam,

539 4488 595 4549 *J
635 4501 754 4547 Cum
791 4502 1016 4549 Bomio
1055 4501 1106 4548 in
1143 4500 1334 4548 citando
1374 4479 1913 4559 uuripme‘fnumetavi.
