2978 4869
1236 237 1300 251 -
1389 196 1479 266 25
1567 235 1657 249 -.

276 378 465 445 Certo
525 396 673 443 vero
731 373 951 440 eodem
1013 372 1079 437 in
1138 370 1415 437 dramate
1455 348 1737 450 proxime
1779 388 1815 432 a
1863 367 2016 432 Jove
2068 367 2145 431 ab
2194 366 2388 431 altera
2435 374 2608 452 parte

276 473 523 549 Thetin,
562 473 638 538 ab
680 471 872 536 altera
901 473 1266 535 Auroram
1310 464 1556 532 stetisse
1597 463 1828 530 scimus
1870 461 1965 547 (cf.
2004 460 2148 546 fgm.
2186 468 2302 527 261
2344 469 2408 527 et
2448 484 2611 549 quae

279 568 356 635 de
399 566 825 653 Psychostasia
867 585 1055 650 supra
1095 561 1494 644 monuimus).
1566 561 1663 625 De
1690 563 1934 624 Aurora
1964 557 2171 622 statim
2200 557 2421 624 addam
2449 579 2612 645 quae

280 686 358 730 ex
407 663 661 729 Polluce
716 662 847 748 (IV.
899 660 1064 744 120.)
1116 657 1345 723 ibidem
1396 657 1766 722 afferuntur:
1830 652 1873 736 ἧ
1919 652 1986 718 δὲ
2026 651 2335 738 γέρανος,
2389 654 2615 740 inquit,

277 754 674 878 μηχάνημά
707 753 770 825 τί
801 757 989 822 ἐστιν
1025 755 1101 820 ἐκ
1134 748 1457 837 μετεώρου
1486 745 2031 835 καταφερόμενον
2064 747 2158 831 ἐφ’
2199 746 2464 838 ἁρπονγῇ
2497 748 2620 815 oui.

279 876 495 937 ματος
539 878 585 936 ῳ
630 846 944 932 κέχρηται
994 847 1037 930 ἧ
1082 842 1233 921 Ἠώς
1277 842 1676 929 ἇρπάζουσα
1729 844 1802 909 τὸ
1848 851 2051 926 σῶμα
2092 851 2219 908 τσῦ
2259 839 2619 928 Μὲμνονος

282 944 450 1029 (filii).
494 981 569 992 —
612 942 828 1009 Thetis
863 962 1013 1009 vero
1049 941 1274 1006 iterum
1315 940 1383 1007 in
1407 944 1744 1005 Armorum
1777 936 2014 1023 judicio
2053 937 2328 1003 occurrit
2367 946 2620 1004 auctore

282 1039 474 1107 schol.
524 1039 603 1105 ad
653 1038 841 1103 Arist.
891 1038 1044 1105 Ach.
1084 1042 1202 1104 883
1246 1034 1356 1120 (fg.
1398 1035 1564 1119 164.)
1667 1033 1828 1101 Cum
1891 1032 2348 1099 Nereidibus
2408 1033 2508 1098 ibi·
2556 1033 2620 1098 in

282 1152 529 1201 scenam
570 1134 874 1219 prodiisse
914 1134 1175 1203 videtur.
1236 1130 1426 1198 Chori
1467 1137 1677 1216 partes
1714 1128 1902 1195 hasce
1943 1129 2144 1213 egisse
2183 1128 2402 1194 titulus
2430 1150 2619 1216 porro

282 1230 494 1312 prodit
532 1229 887 1298 Nereidum.
966 1228 1303 1297 Dominam
1328 1227 1556 1295 Thetin
1597 1224 1697 1293 hic
1737 1246 1992 1312 quoque
2033 1247 2160 1291 non
2201 1224 2472 1292 defuisse
2511 1247 2623 1293 ve-

250 1325 538 1409 *risimile
580 1334 679 1391 est
718 1325 816 1409 (lg.
860 1328 977 1391 142
1019 1324 1150 1409 sq.).

439 1421 719 1487 Bacchi
771 1419 1123 1504 praesentia
1175 1417 1342 1486 haud
1390 1417 1578 1509 dubie
1630 1437 1740 1483 eae
1799 1424 1976 1482 erant
2022 1416 2297 1502 insignes
2335 1418 2623 1505 Aeschyli

287 1516 643 1601 tragoediae
696 1535 858 1601 quae
909 1514 1061 1581 nihil
1112 1506 1344 1579 hahent
1393 1513 1564 1599 quod
1617 1533 1746 1578 non
1794 1513 1878 1578 sit
1913 1511 2067 1595 πρὸς
2107 1511 2476 1591 Διόνυσον,
2516 1536 2626 1580 eae

285 1613 540 1701 inquam
592 1631 753 1699 quae
804 1611 870 1678 in
923 1609 1344 1677 describendis
1386 1608 1647 1696 Lycurgi
1698 1616 1763 1673 et
1801 1607 2066 1674 Penthei
2105 1607 2247 1672 fatis
2286 1617 2626 1675 versantur.

284 1710 357 1774 ln
411 1708 688 1783 Semele,
749 1724 938 1792 quam
986 1706 1251 1772 Penthei
1309 1704 1593 1788 trilogiae
1644 1711 1884 1788 partem
1924 1703 2360 1771 Welckerus
2412 1706 2630 1772 habuit

288 1804 407 1889 (pg.
449 1808 567 1869 328
612 1801 685 1866 cf.
725 1802 983 1888 Droys.
1024 1822 1125 1887 pg.
1165 1799 1310 1886 479)
1362 1798 1564 1865 infans
1597 1797 1874 1877 ‘fortasse
1924 1800 2208 1867 Bacchus
2257 1802 2471 1867 aderat
2519 1802 2627 1886 (ef.

288 1918 453 1985 quae
500 1918 690 1983 supra
729 1897 807 1965 de
842 1897 1146 1962 daemone
1173 1894 1627 1982 Amphidromo
1657 1894 2152 1981 disputavimus),
2192 1896 2406 1962 aderat
2443 1919 2631 1983 prae-

289 2002 464 2059 tcrea
515 1999 689 2057 certo
741 1991 1107 2059 scholiastae
1160 1989 1269 2076 (ad
1307 1990 1499 2057 Atist.
1539 1989 1790 2056 Thesm.
1835 1997 1952 2056 135
1990 1990 2070 2075 fg.
2110 1997 2189 2057 55
2231 1999 2297 2056 et
2339 1993 2479 2077 115)
2527 2001 2631 2058 te-

290 2087 584 2157 stimonio
626 2086 690 2153 in
729 2086 984 2154 Edonis.
1063 2088 1160 2155 Eo
1200 2086 1372 2173 quod
1409 2082 1666 2171 γύννις
1704 2086 1791 2152 ibi
1830 2109 1868 2152 a
1905 2088 2189 2174 Lycurgo
2227 2096 2483 2155 vocatur
2525 2108 2632 2155 sa-

288 2183 372 2251 tis
413 2183 609 2268 figura
651 2181 750 2249 dei
792 2189 855 2248 et
894 2181 1143 2249 habitus
1181 2182 1507 2250 indicatur.

446 2281 813 2346 Venerem
854 2298 985 2344 non
1024 2278 1232 2343 minus
1270 2277 1615 2365 Aeschylus
1657 2279 1955 2345 inducere
1996 2299 2190 2345 ausus
2231 2286 2349 2344 est.
2428 2279 2632 2345 Athe-

289 2374 432 2441 naei
491 2373 700 2440 locum
757 2371 1209 2438 Dindorfius
1268 2373 1600 2454 exscripsit
1662 2372 1773 2459 (fg.
1824 2374 1953 2458 38.)
2033 2374 2238 2441 Verba
2279 2374 2333 2440 is
2372 2375 2634 2444 Veneris

289 2470 491 2545 affert,
534 2469 794 2552 figuram
836 2488 963 2533 non
1006 2466 1318 2534 describit.

448 2564 651 2649 Magis
692 2564 758 2629 in
797 2570 1097 2651 promptu
1136 2572 1235 2630 est
1266 2565 1564 2631 Boreae
1605 2565 1808 2649 imago
1835 2586 1912 2631 ex
1952 2563 2094 2649 lgm.
2121 2567 2258 2630 265.
2346 2563 2636 2631 Universa

292 2662 395 2729 dei
436 2660 611 2728 notio
652 2660 738 2726 ita
778 2660 866 2728 ibi
917 2661 996 2725 ad
1038 2680 1261 2728 sensus
1298 2659 1547 2727 videtur
1584 2661 1878 2728 translata
1918 2653 2111 2726 fuisse
2151 2667 2225 2725 ut
2262 2659 2635 2746 vituperium

293 2758 440 2825 inde
491 2762 714 2842 poetae
758 2755 841 2821 sit
881 2762 1115 2822 natum.
1201 2755 1418 2833 Quum
1460 2756 1627 2822 enim
1667 2757 1834 2823 venti
1875 2766 2093 2824 auctor
2131 2759 2368 2823 Boreas
2405 2777 2483 2822 ex
2521 2778 2636 2824 ve-

289 2862 498 2920 terum
536 2849 838 2936 opinione
880 2856 1076 2930 esset,
1126 2851 1206 2916 ab
1245 2850 1555 2937 Aeschylo
1605 2859 1702 2918 est
1741 2853 1972 2918 tibicen
2021 2851 2221 2918 sactus
2262 2851 2637 2938 duobusque

292 2948 546 3016 follibus
601 2967 774 3012 mare
833 2965 1250 3016 commovens.
1330 2946 1515 3028 ,Licet
1576 2947 1744 3014 enim
1805 2947 1957 3013 haec
2018 2947 2098 3014 de
2156 2967 2234 3013 eo
2284 2946 2637 3033 praedicata

290 3050 557 3120 tannim,
596 3064 724 3109 non
764 3043 883 3122 sub
920 3049 1341 3129 spectatorum
1377 3043 1736 3129 adspectum
1778 3044 1966 3111 ducta
1992 3042 2242 3121 fuerint,
2281 3063 2443 3129 quae
2484 3042 2637 3108 mihi

291 3139 576 3206 locorum
617 3157 655 3204 a
692 3138 1020 3204 Dindorfio
1061 3137 1455 3205 laudatorum
1504 3140 1822 3206 verissima
1862 3139 2105 3206 videtur
2144 3157 2286 3203 esse
2326 3137 2638 3223 interpre-

290 3235 475 3313 tatio,
534 3255 664 3301 non
702 3232 909 3321 potuit
955 3241 1167 3300 tamen
1215 3233 1296 3300 iis
1344 3255 1472 3299 non
1520 3233 1902 3321 respondere
1950 3233 2343 3321 aliquatenus
2383 3239 2639 3301 externa

291 3331 393 3398 dei
431 3330 649 3397 forma.

364 3460 370 3466 ·
412 3489 417 3494 .
454 3426 584 3504 Qui
625 3445 815 3512 porro
854 3424 1162 3490 Furoris
1203 3423 1535 3514 (Λύσσης)
1575 3424 1764 3491 fuerit
1807 3425 2088 3504 habitus,
2137 3424 2256 3491 nisi
2308 3446 2385 3491 ex
2433 3424 2638 3492 verbis

293 3541 458 3609 quae
499 3521 564 3586 in
592 3518 869 3586 Xantriis
910 3517 1139 3584 dixisse
1167 3518 1366 3588 fertur
1407 3518 1519 3605 (sq.
1532 3521 1669 3607 155)
1712 3530 1780 3588 et
1815 3525 1893 3588 ex
1932 3521 2142 3588 indole
2182 3520 2331 3586 artis
2357 3521 2639 3607 Aeschy-

295 3617 449 3694 leoe,
491 3616 799 3702 conjicere
841 3636 970 3681 non
1008 3634 1367 3701 possumus.
1450 3617 1686 3682 Tamen
1736 3616 2025 3684 admirari
2074 3615 2247 3695 licet,
2302 3615 2472 3704 quod
2513 3615 2637 3682 iam

296 3710 548 3798 saepius
602 3709 886 3776 admirati
934 3727 1183 3789 sumus,
1251 3710 1371 3777 vim
1411 3718 1637 3797 po'etae
1686 3720 1920 3779 tantam
1959 3712 2150 3777 fuisse
2188 3718 2266 3777 ut
2303 3730 2466 3796 quae
2508 3711 2639 3779 sola

295 3807 671 3891 cogitatione
713 3805 1190 3893 amplectuntur,
1233 3805 1433 3872 oculis
1472 3828 1550 3874 ea
1588 3808 1939 3895 subjecerit.
2002 3809 2204 3873 Immo
2242 3804 2499 3873 Λύσσα
2535 3807 2639 3878 illa

296 3902 541 3971 videtur
592 3903 722 3969 fere
771 3909 903 3968 tota
941 3901 1231 3990 Aeschyli
1281 3924 1441 3969 csse.
1523 3906 1643 3972 Cui
1683 3905 1847 3970 enim
1899 3904 2080 3969 deam
2122 3902 2321 3971 facere
2364 3903 2638 3972 furorem

298 3998 474 4065 illum
492 3998 877 4065 Baccharum
897 4008 1040 4065 ante
1060 3998 1433 4085 Aeschylum
1454 3999 1522 4065 in
1540 4007 1816 4067 mentem
1832 4000 2131 4086 venerit‚*)
2153 4000 2466 4067 neminem
2490 3998 2636 4064 scio.

459 4095 925 4180 Neptunum,
966 4095 1031 4159 ni
1072 4094 1269 4174 fallor,
1308 4095 1372 4161 in
1413 4100 1761 4183 Amymone
1801 4095 2177 4177 invenimus,
2218 4096 2492 4162 dramate
2534 4092 2639 4157 illo

303 4188 567 4277 satyrico
627 4188 706 4254 de
774 4210 901 4276 quo
962 4191 1436 4258 Welckerum
1506 4191 1795 4258 consulas
1856 4191 2196 4279 (Nachtrag
2234 4213 2334 4279 pg.
2375 4189 2521 4273 308)
2576 4194 2641 4253 et

300 4284 799 4373 Droysenium
841 4285 960 4372 (pg.
1000 4287 1158 4372 333).

446 4489 501 4553 Ἲ
538 4478 612 4558 „⁷⁴1⁸
647 4481 863 4547 Λύσσα
899 4481 1615 4558 ἕκιρειάζουσα,ταῗς
1650 4485 2021 4558 Βάκχαις.“
