2978 4869
1346 182 1786 255 ...15-

402 381 537 439 rem
580 372 862 436 revocata
910 369 985 431 ut
1023 361 1121 429 vix
1161 361 1368 427 :ninus
1410 359 1673 425 alterum
1716 358 1860 423 inde
1902 357 2172 424 oriretur
2212 355 2588 442 periculum,
2630 374 2730 433 ne,

397 490 563 557 quae
611 465 794 530 nimis
844 469 1055 537 antea,
1105 479 1274 525 nunc
1321 478 1542 542 parum
1591 455 1908 523 videretur
1957 475 2267 541 expressa.
2309 490 2389 501 ——
2429 453 2628 519 Simul
2679 455 2734 518 is

396 565 583 630 trium
626 560 903 644 trilogiae
945 553 1399 640 tragoediarum
1441 553 1598 618 ordo
1639 551 1876 619 exstitit
1913 559 2004 628 ut,
2046 551 2158 637 qui
2193 550 2576 634 singularum
2602 559 2735 616 tra-

396 659 755 746 goediarum
798 676 1018 731 nexus,
1060 652 1223 716 idem
1266 650 1344 714 ab
1386 648 1579 715 altera
1619 647 1933 734 tragoedia
1974 649 2052 712 ad
2092 648 2348 713 alteram
2388 647 2545 713 viam
2589 668 2734 713 mu-

396 756 587 832 niret,
634 762 707 820 ut
756 750 1053 818 continua
1103 748 1371 834 quadam
1419 754 1483 811 et
1523 767 1650 811 non
1694 745 2042 830 interrupta
2082 744 2244 810 serie
2283 750 2417 808 tum
2459 744 2623 809 inter
2665 767 2736 810 se

393 851 673 937 singulae
716 848 1145 922 cohaererent,
1182 851 1316 909 tum
1357 849 1494 908 tota
1518 841 1762 927 trilogia
1793 861 2013 906 omnes
2045 840 2529 907 continerentur.
2588 841 2738 906 Fuit

393 949 513 1015 hoc
564 945 936 1034 pulchrioris
986 950 1050 1007 et
1097 939 1484 1027 perfectioris
1527 939 1761 1006 formae
1803 937 2012 1024 poesis
2056 937 2425 1003 dramaticae
2469 936 2731 1002 initium.

393 1045 748 1111 Periculum
790 1040 941 1107 illud
982 1038 1230 1124 duplex,
1272 1035 1442 1123 quod
1482 1036 1702 1103 vitium
1740 1034 1969 1120 duplex
2011 1032 2233 1098 eodem
2266 1033 2408 1120 jure
2450 1033 2733 1120 appella-

390 1142 552 1208 veris
594 1141 648 1203 is
690 1137 950 1215 evitavit,
992 1135 1101 1223 qui
1142 1133 1494 1218 tragoedias
1537 1132 1846 1218 simplices
1891 1151 2005 1217 pro
2045 1129 2305 1214 trilogiis
2347 1128 2507 1194 fecit.
2588 1130 2736 1195 Duo

392 1236 660 1302 maxima
709 1235 788 1300 de
834 1233 1065 1320 quibus
1107 1230 1375 1295 diximus
1416 1229 1703 1316 Aeschyli
1755 1229 1900 1297 vitia
1948 1227 2036 1292 ita
2086 1225 2265 1313 quasi
2308 1225 2631 1312 conjunxit
2669 1233 2736 1291 et

392 1333 661 1409 miscuit,
701 1340 776 1397 ut
813 1330 1011 1397 virtus
1052 1325 1199 1391 inde
1240 1334 1305 1390 et
1331 1347 1575 1391 summa
1603 1327 1754 1391 artis
1784 1323 2084 1413 perfectio
2112 1321 2406 1410 prodiret.
2465 1321 2538 1387 Id
2568 1322 2736 1387 enim

392 1427 809 1514 Sophocles
851 1432 947 1490 est
987 1429 1311 1489 assecutus
1351 1429 1425 1487 ut
1465 1430 1530 1487 et
1569 1421 1739 1487 omni
1782 1424 2015 1487 formae
2057 1419 2437 1485 immanitate
2468 1427 2531 1484 et
2559 1418 2740 1504 epica

394 1524 775 1609 singularum
819 1519 1165 1586 fabularum
1206 1519 1450 1584 ratione
1493 1517 1733 1604 abjecta
1774 1517 1850 1582 ad
1902 1516 2248 1603 perfectum
2290 1516 2441 1581 illud
2483 1523 2549 1581 et
2589 1515 2732 1582 lau-

393 1621 605 1686 datum
666 1616 1021 1704 tragoediae
1084 1636 1282 1700 genus
1341 1615 1652 1681 transiret.
1745 1614 1932 1700 Apud
1989 1612 2365 1700 Sophoclem
2428 1611 2770 1704 triplicem.

394 1719 656 1781 formam
696 1715 825 1780 nori
869 1713 1195 1789 sublatam,
1236 1711 1349 1776 sed
1391 1708 1773 1793 singularum
1814 1710 2271 1794 tragoediarum
2293 1708 2521 1774 finibus
2551 1715 2737 1773 co‘er-

394 1811 575 1875 citam
618 1810 697 1875 ad
738 1817 976 1875 certum
1017 1807 1273 1874 modum
1314 1811 1685 1882 revocatam,
1729 1811 1796 1870 et
1834 1805 2089 1870 omnino
2130 1807 2207 1871 ad
2250 1804 2731 1893 pulchritudinis

391 1907 561 1993 leges
603 1905 1067 1973 accomodatam
1108 1901 1406 1972 videmus,
1448 1937 1532 1950 —-
2645 1964 2650 1968 .

552 2002 679 2068 Sed
717 2002 873 2067 haec
912 2001 1230 2066 hactenus,
1313 1996 1413 2063 Uti
1454 1998 1534 2062 ab
1576 2003 1733 2063 arte
1774 2018 1943 2063 nunc
1984 1996 2168 2062 nohis
2209 1996 2454 2062 initium
2495 1995 2744 2065 faciem.

393 2100 542 2164 dum
595 2106 753 2175 erat,
804 2098 892 2163 sic
946 2097 1010 2162 in
1061 2098 1185 2162 line
1238 2102 1383 2181 post
1429 2093 1798 2187 diuturnum
1848 2115 1989 2160 eum
2042 2101 2173 2160 arte
2215 2100 2460 2180 gestum
2500 2093 2738 2161 bellum

391 2217 428 2260 a
468 2193 946 2281 philosophia
988 2192 1207 2277 religio
1245 2190 1533 2277 Aeschyli
1575 2190 1936 2277 excipietur.

1486 2352 1539 2427 §-
1581 2355 1638 2415 3.

550 2487 689 2551 Jam
743 2483 935 2570 igitur
981 2482 1058 2548 ad
1108 2481 1175 2547 id
1224 2481 1432 2567 ipsum
1485 2481 1656 2567 quod
1710 2488 1808 2546 est
1858 2489 2048 2567 caput
2103 2481 2300 2547 totius
2350 2483 2736 2568 quaestionis

393 2582 688 2647 accedere
717 2602 1044 2667 possemus
1085 2578 1208 2645 nisi
1245 2577 1404 2646 viam
1448 2577 1822 2664 quibusdam
1870 2578 2145 2645 virorum
2188 2578 2520 2645 doctorum
2558 2599 2738 2646 com-

394 2679 622 2744 mentis
662 2679 1046 2744 obstructam
1089 2675 1291 2741 adhuc
1334 2683 1399 2741 et
1438 2675 1799 2761 impeditam
1841 2675 2219 2744 videremus.
2300 2675 2464 2743 Sunt
2503 2699 2616 2743 eae
2660 2677 2750 2744 de.

386 2773 671 2840 sontibus
721 2796 801 2839 ex
848 2773 1076 2859 quibus
1128 2771 1496 2856 sapientiam
1547 2792 1725 2836 suam
1776 2779 1840 2836 et
1888 2781 2146 2838 naturae
2199 2774 2461 2839 deorum
2514 2773 2734 2857 cogni·-

396 2870 630 2934 tionem
671 2867 1015 2954 Aeschylus
1054 2866 1352 2945 hauserit,
1393 2865 1806 2954 interpretum
1850 2868 2200 2952 opiniones,

552 2965 623 3030 Id
667 2965 799 3031 sere
841 2986 1090 3051 semper
1129 2963 1487 3032 hominihus
1530 2965 1788 3051 placuit,
1836 2973 1935 3044 ut,
1988 2987 2150 3053 quae
2203 2964 2470 3031 maxime
2523 2974 2736 3032 essent

394 3062 756 3128 abscondita
809 3083 880 3126 ea
929 3061 1197 3126 maxime
1247 3062 1728 3141 admirarentur,
1790 3084 1864 3130 ea
1913 3062 2302 3148 indagarent,
2351 3063 2429 3128 de
2480 3062 2576 3128 his
2629 3070 2737 3129 aut

397 3159 782 3241 comperisse
825 3164 935 3223 aut
975 3164 1143 3223 certe
1193 3157 1422 3223 dixisse
1474 3159 1740 3244 aliquid,
1790 3158 2042 3244 plurimi
2093 3158 2413 3223 haberent.
2494 3158 2738 3225 Accidit

396 3256 481 3321 ita
520 3262 595 3321 ut
634 3263 700 3320 et
724 3253 1032 3341 Aeschylo
1074 3261 1207 3320 tum
1249 3254 1587 3340 plurimum
1632 3276 1697 3320 se
1727 3254 2022 3321 tribuisse
2051 3254 2497 3335 existimarent,
2539 3276 2732 3342 quum

399 3361 509 3418 aut
556 3352 943 3438 Pythagorae
993 3351 1367 3437 discipulum
1414 3373 1573 3418 -eum
1626 3351 1904 3417 facerent
1963 3360 2070 3419 aut
2131 3373 2206 3417 ex
2269 3353 2576 3438 mysteriis
2629 3374 2736 3418 sa-

395 3447 690 3533 pientiam
733 3447 869 3533 ejus
910 3455 1270 3533 repeterent
1292 3450 1333 3532 ⁴)

555 3544 858 3611 Nituntur
894 3563 1074 3622 vero,
1127 3544 1235 3630 qui
1278 3545 1732 3632 Pythagoreum
1785 3544 2000 3611 dicunt
2039 3542 2412 3630 Aeschylum
2454 3543 2735 3631 antiqui-

392 3640 536 3706 tatis
579 3641 847 3725 primum
890 3641 1276 3707 auctoritate.
1341 3642 1464 3708 Sed
1507 3641 1659 3728 quid
1700 3642 1777 3708 ad
1807 3640 2215 3728 Pythagoram
2245 3640 2523 3719 attineat,
2566 3644 2736 3728 quod

391 3736 805 3823 philosophus
844 3736 1188 3822 Aeschylus
1231 3760 1268 3803 a
1309 3739 1622 3805 veteribus
1649 3739 2017 3825 appelletur,
2058 3759 2158 3802 me
2187 3757 2311 3801 non
2341 3735 2549 3803 videre
2575 3760 2737 3804 con-

396 3833 594 3898 fiteor.
678 3838 908 3898 Annon
951 3834 1418 3900 consentiamus
1460 3856 1604 3902 eum
1645 3834 1969 3901 Athenaeo
2013 3833 2197 3918 (VIII,
2236 3832 2395 3917 347),
2437 3835 2544 3901 ubi
2573 3836 2749 3901 dicit.

398 3925 763 4011 φιλόσοφος
815 3916 906 4011 ἦν
949 3937 1080 3994 τῶν
1123 3926 1356 3998 πάνυῖ
1434 3937 1534 3998 An
1574 3931 1694 3999 hoc
1736 3952 1964 3999 nomen
2006 3930 2206 3996 nativa
2248 3950 2360 3997 sua
2415 3932 2738 4019 sapientia,

537 4164 589 4231 ⁴¹)
626 4174 763 4229 Quod
811 4186 973 4221 rerum
1022 4176 1389 4232 Aegyptiarum
1435 4181 1612 4227 notitia
1655 4191 1769 4228 cum
1815 4180 2048 4228 imbutum
2092 4169 2349 4241 dixerunt,
2398 4181 2445 4227 td
2492 4182 2627 4226 recte
2662 4189 2732 4227 ex

396 4249 539 4301 pane
575 4245 816 4293 fecerunt.
889 4248 987 4292 scd
1023 4258 1173 4301 quum
1208 4253 1385 4297 harum
1421 4262 1590 4297 rerum
1624 4252 1692 4297 sit
1729 4251 2001 4307 singularis
2038 4257 2281 4309 quaedam
2318 4252 2450 4308 apud
2487 4252 2730 4306 Aeschyl-

395 4316 605 4363 conditto
642 4322 691 4362 et
728 4327 871 4376 usus,
910 4317 1009 4363 alio
1047 4322 1157 4366 loco
1195 4323 1255 4365 de
1292 4321 1355 4366 iis
1391 4320 1733 4369 disserendum
1769 4323 1878 4369 erit.

536 4388 673 4433 Idem
715 4398 836 4434 vero
884 4389 1000 4435 altis
1049 4401 1244 4444 quoque
1292 4392 1553 4451 evenisse,
1600 4398 1652 4440 ut
1699 4395 1885 4450 optima
1926 4406 2157 4451 quaeque
2201 4398 2264 4441 ab
2310 4391 2436 4446 ipsis
2484 4393 2545 4438 Μ
2596 4391 2726 4438 81Ῑο8

394 4458 699 4506 deterrentur
734 4459 849 4514 qut·
883 4463 962 4507 est
997 4461 1082 4515 qul
1119 4461 1351 4509 nesciat?
1423 4464 1639 4512 Pindaro
1674 4478 1772 4513 non
1808 4467 1986 4526 minus,
2024 4477 2172 4520 quam
2206 4464 2470 4517 Aeschylo
2508 4462 2731 4509 nativam

394 4528 531 4576 tuam
567 4530 750 4586 ingentu
785 4531 885 4579 vim
920 4532 1224 4581 invidebant.
1272 4554 1331 4566 -
