2978 4869
1400 189 1798 252 ..9.-

418 358 768 426 accuratius
808 359 1155 425 definienda
1198 358 1604 445 Schlegelii
1644 359 1828 426 simul
1872 359 2239 427 sententiam
2281 361 2519 430 veritati
2561 363 2756 449 magis

416 455 798 541 adaptemus.
838 492 920 507 -
964 456 1180 522 Potuit
1226 456 1380 522 haec
1404 477 1583 522 ‚sane
1633 455 1999 540 simpliciter
2050 457 2134 522 ita
2184 458 2421 543 prolata
2472 481 2599 525 non
2651 461 2756 524 ni·-

415 552 609 618 mium
648 553 852 619 valere
891 553 970 618 ad
1007 553 1531 638 persuadendum.
1600 554 1822 633 Qualis
1863 553 2028 619 enim
2070 561 2167 618 est
2203 554 2430 639 positio
2474 555 2592 635 illa,
2635 577 2758 643 op-

414 647 642 728 positio
684 657 751 714 et
791 649 1146 727 conciliato,
1194 670 1357 736 quae
1400 657 1498 715 est
1539 648 1920 736 singularum
1962 650 2420 735 tragoediarum
2464 652 2757 747 conditio,

413 764 538 829 qua
579 745 847 833 denique
889 746 1255 812 auctoritate
1308 766 1556 831 semper
1602 747 1868 812 eundem
1922 746 2115 812 fuisse
2168 748 2332 834 apud
2383 748 2756 836 Aeschylum

413 839 695 925 trilogiae
759 841 1041 909 ordinem
1103 842 1442 910 evincitur?
1478 874 1487 881 ·
1523 842 1680 909 Inde
1739 844 1942 909 omnis
2004 851 2141 909 orta
2201 843 2278 909 de
2340 844 2755 930 Schlegelii

411 939 719 1009 sententia
760 939 1090 1019 dubitatio,
1142 939 1286 1004 inde
1339 938 1625 1005 confusio
1673 946 1874 1019 tanta,
1923 947 2105 1006 aucta
2158 961 2232 1006 ea
2272 946 2595 1027 praeterea
2636 943 2755 1008 ob·-

410 1034 861 1102 servationibus
923 1059 961 1102 e
1018 1036 1365 1103 fabularum
1429 1035 1814 1119 perditarum
1865 1036 2231 1103 recensione
2283 1036 2753 1122 prodeuntibus,

407 1116 564 1196 Mihi
605 1152 752 1199 vero
795 1134 998 1199 omnis
1049 1133 1127 1197 de
1178 1131 1296 1197 hac
1334 1154 1402 1198 re
1445 1133 1785 1219 disputatio
1825 1132 2177 1220 incipienda
2226 1132 2472 1200 videtur
2509 1155 2546 1199 a
2588 1142 2756 1200 certa

408 1224 510 1291 illa
551 1226 839 1296 Orestiae
882 1230 1157 1316 trilogia,
1208 1230 1441 1315 poterit
1479 1229 1543 1294 in
1585 1229 1883 1296 auxilium
1927 1229 2130 1296 vocari
2171 1229 2529 1296 Promethei
2570 1231 2754 1325 trilo-

276 1388 285 1399 ,
408 1323 507 1408 gia
548 1325 727 1411 cujus
768 1347 845 1390 ex
886 1333 1061 1411 parte
1106 1325 1470 1410 superstite,
1526 1326 2036 1414 reliquarumque
2077 1324 2435 1410 fragmentis
2485 1327 2635 1393 satis
2676 1329 2754 1393 ad

412 1418 526 1485 has
567 1421 755 1486 etiam
798 1421 1272 1507 circumspicere
1301 1420 1464 1486 licet.
1533 1423 1630 1487 De
1669 1423 1930 1511 reliquis
1970 1444 2117 1489 vero
2155 1423 2421 1509 trilogiis
2462 1445 2588 1489 non
2632 1424 2753 1489 nisi

407 1515 742 1583 admodum
795 1524 974 1584 caute
1014 1517 1320 1605 judicium
1371 1518 1536 1585 ferre
1588 1519 1968 1585 conceditur.
2050 1520 2206 1585 Nam
2259 1540 2454 1606 quum
2497 1521 2752 1587 minime

406 1612 469 1677 id
518 1604 971 1699 improbemus,
1032 1613 1224 1683 immo
1286 1636 1530 1681 summa
1589 1616 1771 1681 laude
1834 1615 2091 1701 dignum
2152 1613 2519 1696 habeamus,
2581 1618 2752 1704 quod

405 1710 848 1776 Welckerus
890 1710 1266 1776 moliebatur
1302 1719 1378 1777 ut
1417 1711 1737 1796 colligeret
1775 1719 1873 1777 tot
1911 1710 2168 1797 disjecta
2207 1713 2485 1779 membra
2525 1721 2750 1800 poetae

405 1814 468 1870 et
507 1805 586 1871 de
628 1807 1010 1892 singularum
1053 1807 1512 1891 tragoediarum
1556 1828 1723 1874 nexu
1763 1815 1828 1872 et
1866 1809 2248 1893 argumentis
2290 1817 2647 1896 quaereret:
2689 1810 2752 1874 id

406 1910 611 1968 tamen
652 1925 732 1970 ne
774 1903 1117 1970 doctissimi
1167 1902 1421 1991 quidem
1474 1911 1541 1970 et
1578 1903 2062 1989 ingeniosissimi
2110 1903 2222 1971 viri
2270 1903 2456 1971 hodie
2495 1906 2752 1974 viventis

404 2020 544 2064 esse
606 2000 1068 2079 contendimus,
1127 2008 1201 2066 ut
1259 2009 1455 2066 artem
1506 1999 1796 2086 Aeschyli
1858 2022 1934 2066 ex
1997 2000 2111 2066 ista
2172 2000 2519 2067 fabularum
2568 2002 2749 2068 ruina

402 2104 599 2162 eruat.
668 2096 812 2175 Qua
853 2097 917 2162 in
956 2118 1024 2163 re
1059 2097 1189 2184 jam
1230 2097 1410 2163 video
1453 2118 1905 2184 nonnunquam
1947 2098 2453 2176 Welckerum,
2497 2099 2749 2185 saepius

401 2192 894 2279 Droysenium
937 2214 1140 2280 aequo
1182 2193 1427 2279 longius
1469 2214 1610 2259 esse
1640 2214 2023 2280 progressos.
2094 2194 2329 2281 Ecquis
2369 2196 2552 2261 nobis
2595 2218 2746 2283 per-

402 2289 691 2355 suadebit
748 2289 1007 2354 eandem
1070 2287 1262 2355 fuisse
1322 2289 1610 2376 Aeschyli
1673 2299 1948 2357 mentem
2019 2312 2205 2378 quam
2280 2292 2747 2378 Droysenius

402 2384 757 2471 suspicetur
796 2384 1026 2452 fuisse?
1067 2388 1272 2453 Taceo
1315 2385 1391 2451 de
1435 2386 1545 2453 viri
1588 2386 2028 2472 elegantissimi
2072 2388 2232 2464 lusu,
2282 2409 2362 2453 ne
2403 2388 2603 2455 dicam
2647 2397 2752 2454 te-

402 2482 710 2562 meritate,
766 2484 936 2571 quod
980 2482 1236 2570 singulis
1276 2503 1730 2570 nonnunquam
1771 2485 1975 2551 verbis
2026 2506 2061 2550 a
2102 2483 2501 2570 grammatico
2544 2486 2748 2572 scrip-

401 2585 536 2644 tore
600 2579 855 2647 servatis
919 2588 1151 2646 certam
1209 2580 1493 2646 tribuens
1550 2580 1674 2648 vim
1745 2589 2111 2668 certumque
2172 2581 2379 2647 locum
2437 2581 2530 2648 uti
2594 2582 2752 2649 alter

398 2675 762 2742 Brossesius
802 2676 952 2741 mihi
993 2678 1162 2744 visus
1203 2685 1300 2742 est
1341 2698 1543 2761 agere.
1583 2714 1665 2725 —-

559 2773 658 2838 Ad
687 2772 1001 2839 Orestiam
1043 2774 1232 2858 igitur
1258 2772 1625 2838 accedentes
1655 2775 1887 2839 crimen
1929 2775 2212 2842 videmus
2255 2775 2318 2839 in
2361 2775 2560 2861 prima
2587 2777 2747 2840 Tra-

401 2868 623 2953 goedia
665 2868 1094 2948 commissum,
1148 2868 1389 2934 crimini
1431 2869 1497 2934 in
1540 2870 1732 2936 altera
1772 2891 2040 2952 poenam
2083 2871 2466 2958 oppositam,
2507 2871 2572 2936 in
2612 2878 2747 2937 ter-
2824 2953 2828 2960 ⁴

399 2965 485 3029 tia
547 2965 718 3051 quod
780 2974 843 3031 et
894 2967 1150 3032 crimine
1205 2975 1302 3032 est
1362 2975 1428 3033 et
1475 2988 1681 3053 poena
1732 2967 2053 3053 superius,
2101 2967 2353 3035 ’veniam
2402 2968 2626 3034 datam.
2666 3005 2748 3018 -—-

401 3061 669 3140 Quaeris
732 3083 859 3148 quo
914 3062 1057 3148 jure
1101 3062 1627 3150 Clytaemnestrae
1689 3063 1925 3130 facinus
1988 3064 2221 3129 crimen
2283 3064 2493 3150 potius
2556 3087 2744 3151 quam

398 3178 668 3240 poenam
711 3158 1000 3236 dixerim,
1043 3179 1230 3245 quam
1273 3160 1497 3225 merito
1537 3167 1968 3246 Agamemnon
2012 3159 2276 3236 subiret,
2323 3180 2437 3225 cur
2474 3181 2745 3246 poenam

400 3261 639 3321 tantum
683 3255 1116 3343 appellaverim
1161 3255 1687 3344 Clytaemnestrae
1738 3256 1908 3343 quod
1948 3255 2169 3321 eodem
2204 3256 2347 3343 jure
2390 3256 2623 3323 crimen
2667 3258 2749 3323 sit

398 3349 837 3437 appellandum
879 3352 956 3417 ab
998 3353 1227 3418 Oreste
1277 3353 1725 3419 commissum?
1764 3353 2016 3440 quaeris
2056 3374 2187 3440 quo
2220 3353 2363 3440 jure
2404 3375 2620 3440 pacem
2663 3354 2747 3418 il-

398 3448 519 3512 lam
561 3448 623 3512 in
667 3449 790 3514 fine
833 3456 1108 3533 paratam
1153 3469 1392 3534 poenae
1432 3449 1723 3531 potiusa
1762 3449 2249 3537 Clytaemnestra
2290 3451 2469 3517 datae
2512 3460 2575 3538 et
2615 3451 2744 3516 cri-

397 3541 582 3610 minis
624 3553 838 3611 contra
881 3551 1417 3632 Agamemnonem
1462 3545 1775 3612 commissi
1828 3567 2015 3634 quam
2069 3546 2520 3633 ejus-criminis
2562 3546 2743 3612 dixe-

398 3642 513 3708 rim
566 3642 753 3707 finem
809 3642 987 3729 cujus
1029 3642 1292 3709 Orestes
1344 3643 1559 3709 matris
1602 3642 1789 3708 caede
1830 3642 2170 3709 obnoxium
2223 3664 2290 3708 se
2333 3641 2743 3710 reddidisset?

397 3740 643 3818 Habeo,
695 3738 865 3826 quod
916 3739 992 3804 ad
1044 3746 1371 3825 utramque
1426 3740 1857 3827 quaestionem
1909 3739 2339 3822 respondeam.
2427 3740 2544 3807 Est
2592 3762 2741 3807 sane

398 3855 525 3900 non
575 3834 874 3901 innocens
922 3840 1386 3921 Agamemnon,
1434 3836 1694 3923 punitur
1743 3858 1891 3903 sane
1942 3858 2068 3903 non
2122 3836 2204 3902 ita
2256 3837 2743 3925 Clytaemnestra

396 3939 469 3998 ut
507 3932 746 3997 nullum
798 3933 976 3998 cadat
1023 3931 1088 3997 in
1138 3933 1334 3999 filium
1386 3933 1651 4013 crimen,
1703 3934 1812 4000 sed
1864 3941 2063 4000 totum
2118 3935 2169 3998 si
2212 3935 2611 4021 spectaveris,
2664 3934 2741 3999 ad

395 4050 626 4107 nexum
677 4028 985 4114 trilogiae-
1010 4030 1513 4117 perspiciendum
1578 4032 1629 4097 si
1679 4030 1966 4108 redieris,
2028 4031 2292 4098 alterum
2350 4031 2539 4118 igitur
2598 4050 2740 4095 cum

396 4126 592 4192 altero
636 4124 688 4190 si
717 4125 1186 4210 comparaveris,
1229 4126 1445 4194 leviter
1479 4128 1646 4194 haud
1675 4128 1862 4193 dubie
1890 4133 2317 4215 Agamemnon
2360 4150 2504 4196 cum
2542 4146 2739 4192 uxore

398 4227 810 4310 comparatuS,
853 4222 1117 4306 graviter
1154 4223 1308 4289 haec
1350 4245 1492 4289 cum
1536 4225 1663 4290 filio
1692 4235 2043 4311 comparata
2078 4247 2369 4314 peccasse
2411 4223 2522 4288 tibi
2565 4221 2739 4289 vide-

396 4320 582 4388 bitur.
662 4320 779 4385 Est
819 4340 967 4386 sane
1010 4341 1217 4407 neque
1260 4322 1495 4387 crimen
1537 4321 1662 4386 illic
1702 4343 1943 4392 merum
1996 4347 2112 4391 nec
2154 4342 2356 4411 poena
2399 4319 2498 4384 hic
2540 4340 2737 4393 meran

399 4416 510 4483 sed
536 4438 768 4483 nexum
812 4416 863 4482 si
907 4438 1034 4483 non
1063 4416 1429 4502 neglexeris,
1472 4417 1595 4486 illic
1636 4420 1710 4486 ad
1756 4421 2007 4500 crimen,
2049 4421 2150 4486 hic
2190 4418 2267 4484 ad
2298 4437 2564 4504 poenam
2606 4436 2737 4481 rem

399 4535 703 4584 summam
744 4514 947 4584 redire
990 4514 1299 4584 fateberis.
1380 4521 1478 4586 An
1524 4517 1722 4586 credis
1773 4519 1975 4587 lucem
2026 4515 2191 4583 illam
2235 4514 2590 4585 dialecticae
2633 4533 2738 4580 ar—
