2978 4869
1236 145 1672 219 ..54-

299 317 487 402 igitur
526 320 765 389 ratione
802 321 872 389 in
912 320 1095 389 tertia
1134 319 1451 406 tragoedia
1473 319 1513 386 J
1515 318 1615 389 ovi
1640 316 2070 405 Prometheus,
2110 316 2485 397 Prometheo
2510 319 2634 391 Jus-

296 412 460 498 piter
508 416 689 482 cedit.
782 417 940 487 Nam
990 438 1113 504 qua
1151 436 1219 495 re
1271 417 1429 482 alter
1475 422 1659 485 antea
1708 414 1903 485 altero
1945 414 2200 482 inferior
2238 414 2383 494 suit,
2441 437 2516 483 ea
2568 436 2636 483 se

301 507 519 593 subjici
570 511 832 596 patitur,
882 534 1005 600 qua
1054 513 1211 579 alter
1259 511 1456 579 altero
1509 510 1821 599 superior,
1871 532 2010 587 eam
2061 532 2202 579 cum
2251 511 2452 579 altero
2500 518 2637 581 tum

301 606 733 690 communicat.
813 610 910 677 Ex
969 609 1214 679 duobus
1276 608 1465 694 igitur
1523 628 1689 675 unus
1750 614 1990 681 tantum
2051 608 2160 673 fiat
2214 626 2473 677 necesse
2524 613 2637 673 est.

299 699 520 765 Honor
561 703 762 770 omnis
803 705 869 773 in
907 706 1124 773 Jovem
1164 705 1508 785 confertur,
1547 704 1633 771 ita
1672 724 1820 772 vero
1859 711 1932 770 ut
1971 703 2073 769 ille
2106 703 2356 789 Jupiter
2393 702 2639 788 pristini

302 792 466 861 illius
519 797 601 864 sit
646 799 1122 882 dissimillimus,
1171 801 1406 889 quippe
1459 800 1569 886 qui
1615 821 1732 871 sua
1775 809 2001 873 natura
2045 799 2303 887 posthae
2352 797 2637 867 infestam

302 889 420 955 sibi
462 900 643 961 antea
680 896 1062 973 Promethei
1086 905 1370 967 naturam
1422 896 1756 965 contineat.
1838 898 1957 963 Hic
2007 917 2152 965 vero
2203 918 2333 963 non
2381 895 2641 973 tollitur,

302 985 412 1051 sed
465 990 636 1073 quod
690 991 827 1077 lege
881 1015 1151 1072 summa,
1212 993 1554 1079 eademque
1606 993 1793 1058 etiam
1841 992 2077 1061 formae
2137 991 2454 1078 trilogicae
2501 990 2641 1075 lege

303 1102 547 1168 semper
586 1084 871 1166 efficitur,
912 1110 1162 1157 omnem
1205 1109 1381 1157 suam
1420 1089 1508 1155 ita
1548 1089 1774 1161 retinet
1817 1088 2176 1174 dignitatem
2207 1095 2283 1157 ut
2316 1108 2458 1157 eam
2491 1085 2646 1152 sciat

298 1175 363 1245 in
402 1178 620 1248 Jovem
659 1183 980 1253 transiisse
1023 1191 1086 1249 et
1125 1184 1244 1253 hoc
1283 1184 1471 1251 modo
1511 1183 1828 1251 verissime
1871 1204 2007 1253 esse
2050 1190 2495 1251 conservatam.

457 1276 555 1341 De
598 1278 854 1364 singulis
893 1279 1011 1347 hac
1051 1279 1115 1347 in
1157 1278 1549 1367 expositione
1590 1287 1888 1366 tanquam
1929 1278 2006 1347 de
2048 1279 2235 1346 rebus
2284 1278 2453 1345 haud
2493 1277 2645 1343 satis

304 1370 488 1435 certis
530 1394 697 1440 nunc
738 1396 865 1441 non
905 1375 1102 1461 magis
1145 1396 1334 1462 quam
1376 1382 1559 1443 antea
1611 1375 1961 1445 curavimus
2013 1396 2130 1443 nec
2179 1393 2396 1441 curare
2445 1373 2646 1441 visum

304 1473 401 1533 est
440 1488 672 1553 operae
714 1470 986 1551 pretium
1029 1492 1169 1537 esse
1212 1492 1409 1558 quum
1448 1478 1733 1539 nostrum
1776 1470 1865 1535 sic
1918 1469 2105 1537 etiam
2158 1469 2487 1537 consilium
2528 1489 2648 1533 ex-

303 1562 485 1647 sequi
526 1565 938 1650 potuerimus.
1027 1569 1263 1633 Tamen
1304 1567 1525 1632 tertiae
1566 1565 1918 1650 tragoediae
1960 1570 2393 1647 argumentum
2447 1561 2650 1648 possit

301 1656 446 1741 quis
487 1661 670 1725 nobis
712 1661 982 1746 objicere
1023 1663 1231 1729 minus
1273 1682 1461 1747 quam
1503 1682 1662 1747 opus
1704 1659 1890 1727 fuerit
1929 1680 2045 1724 nos
2084 1656 2453 1739 respexisse.
2534 1657 2650 1722 Li-

303 1751 511 1819 berari
561 1754 728 1820 enim
779 1755 844 1819 in
895 1777 970 1825 ea
1009 1757 1483 1835 Prometheum,
1536 1756 1645 1825 sed
1695 1756 1809 1833 ita,
1859 1761 1932 1822 ut
1980 1775 2107 1819 non
2157 1759 2361 1819 totum
2403 1773 2472 1817 se
2511 1750 2650 1820 Jovi

305 1846 412 1912 det
442 1870 658 1934 -quum
709 1872 828 1916 nos
880 1860 1097 1919 contra
1146 1853 1378 1919 nullius
1430 1859 1576 1939 post
1626 1851 1842 1918 initam
1883 1870 2103 1933 pacem
2142 1847 2446 1915 momenti
2485 1849 2650 1913 Pro-

304 1943 625 2011 metheum
666 1946 1014 2017 fecerimus.
1085 1949 1212 2016 Sed
1252 1971 1458 2035 neque
1502 1946 1870 2017 sustulimus
1909 1966 2058 2013 eum
2098 1951 2302 2011 totum
2343 1950 2408 2007 et
2445 1943 2653 2011 liben-

305 2045 404 2120 ter
444 2041 847 2109 concedimus
886 2043 1330 2132 philosophicis
1370 2044 1614 2128 legibus
1654 2043 1918 2111 fortasse
1966 2040 2030 2105 in
2079 2040 2202 2107 fine
2253 2038 2462 2107 minus
2514 2038 2654 2105 exi·-

305 2138 440 2198 tum
497 2136 902 2218 satisfecisse,
960 2140 1193 2226 quippe
1257 2160 1452 2226 quum
1513 2136 1966 2224 aliquantulum
2025 2154 2436 2220 personarum
2495 2133 2655 2200 ratio

307 2227 536 2309 obstet,
579 2234 916 2319 quominus
957 2235 1090 2302 deis
1131 2236 1295 2302 idem
1338 2234 1654 2319 contingat
1695 2232 1865 2319 quod
1906 2229 2267 2297 notionibus
2294 2227 2658 2313 contingere

305 2331 537 2407 potest.

468 2421 765 2494 Ceterum
806 2450 933 2516 quo
974 2427 1207 2497 diutius
1259 2428 1426 2495 illam
1464 2425 1925 2513 tragoediarum
1972 2419 2354 2508 tragoediam
2408 2424 2658 2505 specta-

311 2538 472 2598 muS,
513 2542 592 2585 eo
633 2523 841 2590 minus
882 2525 958 2591 de
1001 2525 1343 2592 sententiae
1384 2531 1635 2592 nostrae
1675 2522 1929 2591 veritate
1972 2518 2350 2606 dubitemne,
2391 2536 2470 2582 eo
2509 2535 2657 2580 rec·-

322 2612 447 2678 tius
498 2615 562 2678 in
617 2639 691 2683 ea
738 2620 1134 2704 potissimum
1185 2619 1334 2684 artis
1383 2617 1699 2702 trilogicae
1749 2616 1826 2683 de
1876 2615 2010 2684 deis
2058 2611 2444 2699 triumphum
2484 2609 2655 2675 cele-

315 2709 485 2775 brari
527 2715 925 2780 contendisse
979 2714 1161 2780 nobis
1211 2713 1513 2781 videmur.
1600 2711 1844 2780 Utinam
1894 2709 2082 2795 igitur
2132 2708 2402 2778 amicum
2441 2705 2660 2771 Wel-

315 2804 587 2871 ckerus
647 2809 985 2878 audivisset
1033 2817 1099 2875 et
1158 2809 1323 2876 illius
1382 2829 1572 2895 quam
1633 2829 1750 2874 suo
1811 2806 2058 2891 ingenio
2119 2805 2261 2892 plus
2323 2800 2661 2868 tribuisset.

317 2897 447 2965 Cur
485 2923 633 2968 vero
674 2927 802 2974 nou
842 2906 1092 2984 audivit,
1134 2927 1246 2972 cur
1285 2906 1350 2970 in
1390 2906 1511 2970 alia
1557 2904 1766 2970 omnia
1815 2901 2005 2969 abiit?
2085 2900 2248 2966 Sunt
2297 2904 2664 2982 argumenta

318 2995 454 3079 ejus
506 3001 788 3082 profecto
836 3001 1161 3068 levissima.
1252 3002 1533 3072 Primum
1593 2999 1759 3068 euim
1809 2996 1992 3062 amici
2041 2993 2385 3062 sententiae
2436 2999 2665 3060 conte-

316 3092 658 3159 mnendum
699 3096 786 3161 ait
835 3098 1082 3166 obstare
1120 3096 1290 3166 Jovis
1342 3095 1636 3172 animum,
1676 3093 1787 3180 qui
1828 3092 1910 3158 sit
1948 3091 2188 3160 ridiculi
2231 3089 2553 3158 cuiusdam
2601 3095 2669 3156 et

321 3187 514 3275 inepti
554 3193 815 3276 tyranni.
897 3193 1021 3260 Sed
1060 3201 1239 3259 estne
1280 3191 1414 3260 vilis
1456 3190 1645 3257 animi
1688 3196 1753 3255 et
1793 3187 2108 3265 contemti,
2151 3186 2323 3273 quod
2363 3206 2510 3252 eum
2535 3204 2664 3265 pu-

325 3282 436 3359 nit,
480 3285 587 3369 qui
630 3294 800 3352 tanta
841 3297 1056 3354 contra
1098 3290 1303 3370 ipsum
1346 3286 1600 3353 molitus
1642 3291 1765 3361 est,
1808 3282 1977 3368 quod
2017 3282 2077 3347 ei
2119 3303 2249 3348 non
2288 3281 2514 3367 parcit,
2556 3277 2667 3365 qui

329 3378 485 3443 adeo
535 3381 935 3466 pertinaciter
984 3384 1101 3470 ipsi
1153 3390 1251 3449 est
1297 3381 1693 3449 adversatus?
1772 3379 1889 3444 Est
1937 3376 2214 3464 profecto
2261 3375 2504 3462 tyranni
2556 3372 2666 3439 sed

326 3474 504 3541 cuius
547 3476 787 3543 mireris
838 3478 1050 3565 potius
1099 3500 1287 3565 quam
1338 3477 1540 3542 rideas
1590 3474 2049 3550 crudelitatem,
2097 3471 2339 3558 tyranni
2390 3470 2669 3553 inquam,

328 3574 435 3660 qui
490 3575 567 3639 ad
620 3576 805 3643 verba
845 3575 951 3640 illa
991 3583 1089 3640 est
1128 3576 1338 3652 fictus,
1382 3572 1612 3659 quibus
1653 3571 1775 3640 alio
1835 3568 1975 3634 loco
2017 3567 2279 3634 Coelum
2319 3571 2508 3651 poeta
2547 3562 2670 3630 de-

328 3672 599 3758 scripsit:
649 3671 1010 3758 παμμοὶχῳ
1055 3666 1293 3755 θράσει
1336 3668 1558 3753 βρύων
1597 3668 1832 3751 (Agam.
1878 3662 2030 3748 169).
2105 3663 2267 3730 Tum
2294 3682 2462 3738 vero,
2498 3661 2672 3746 quod

327 3765 449 3828 iam
494 3788 682 3849 supra
723 3767 1058 3852 attigimuS‚
1100 3772 1282 3852 negat
1326 3762 1766 3830 Welckerus
1808 3761 1885 3825 de
1926 3758 2216 3826 Titanum
2258 3757 2482 3842 pugnis
2523 3776 2671 3822 mu·-

328 3867 585 3944 tatoque
634 3866 895 3931 deorum
948 3884 1139 3949 regno
1190 3861 1351 3927 idem
1405 3881 1549 3926 cum
1596 3859 1780 3942 vulgo
1839 3863 2090 3937 poetam
2151 3852 2442 3918 sensisse.
2523 3852 2672 3930 Quo

328 3956 463 4022 iure
515 3964 729 4040 neget,
779 3980 967 4045 supra
1018 3959 1305 4026 diximus.
1389 3957 1657 4020 Prorsus
1711 3952 1930 4017 eadem
1971 3970 2152 4026 vero,
2193 3969 2356 4035 quae
2401 3948 2465 4013 in
2507 3949 2673 4012 Pro—

331 4051 579 4118 metheo
621 4051 948 4119 exhibetur
987 4056 1065 4121 de
1108 4062 1327 4120 natura
1367 4059 1430 4117 et
1471 4047 1786 4116 divinitate
1826 4047 1998 4115 Jovis
2043 4044 2352 4114 sententia
2390 4043 2445 4109 si
2470 4041 2677 4126 poscit

330 4156 401 4214 ut
441 4148 583 4213 alibi
629 4147 814 4214 etiam
857 4148 918 4211 in
961 4149 1242 4235 Aeschyli
1295 4145 1674 4213 carminibus
1726 4142 2120 4220 ostendatur,
2170 4140 2375 4229 poscit
2422 4138 2674 4225 quidem

336 4246 503 4326 quod
548 4244 678 4309 fieri
723 4241 961 4328 nequit,
1003 4243 1110 4307 sed
1154 4252 1485 4329 propterea
1523 4262 1659 4307 eam
1700 4261 1778 4306 ne
1815 4239 1917 4305 hic
1954 4238 2206 4325 quidem
2244 4238 2448 4303 inesse
2488 4252 2676 4319 posse

337 4337 559 4402 trustra
602 4339 881 4402 affirmat.
966 4334 1260 4400 Crederet
1301 4346 1508 4402 tamen
1551 4336 1783 4415 inesse,
1822 4343 1896 4400 ut
1936 4356 2013 4399 ex
2054 4333 2256 4402 verbis
2297 4332 2434 4398 eius
2476 4328 2678 4412 conji-

344 4430 468 4507 cio,
522 4433 573 4495 si
625 4432 880 4498 omnino
933 4427 1300 4512 theogoniae
1341 4431 1581 4516 totique
1626 4430 1704 4497 de
1748 4429 2006 4498 deorum
2050 4429 2275 4516 pugnis
2315 4428 2678 4512 vicibusque
