2978 4869
1341 215 1866 280 -13--

390 393 573 460 aliam
638 391 701 457 in
754 388 1010 456 Persis
1061 387 1483 455 conditionem
1536 388 1742 455 inesse
1805 407 1933 452 non
1990 386 2272 470 negabo?
2353 384 2730 461 Concedam,

392 491 445 556 si
506 490 624 568 vis,
693 485 866 553 Darii
931 506 966 549 e
1028 485 1291 573 mortuis
1333 484 1571 552 evocati
1632 506 1768 551 eam
1832 503 1971 551 esse
2034 480 2194 558 vim,
2253 488 2328 549 ut
2385 481 2504 559 rei,
2567 502 2727 566 quae

389 593 633 671 agatur,
684 582 950 649 maxima
989 582 1133 649 inde
1179 583 1284 649 lux
1326 583 1616 647 afferatur
1656 589 1720 647 et
1758 579 1931 648 valde
1973 577 2223 663 iniquus
2272 598 2511 656 essem,
2559 579 2612 643 si
2665 577 2730 643 in

388 682 594 748 medio
638 681 914 745 dramate
957 678 1132 745 illum
1175 678 1435 744 Darium
1468 677 1748 764 positum
1792 697 1930 742 esse
1973 695 2282 759 negarem.
2342 673 2727 742 Cassandrae

389 776 676 844 vaticinia
716 776 768 841 si
811 797 954 840 cum
995 774 1167 840 Darii
1209 774 1390 840 dictis
1441 774 1805 853 contuleris,
1854 795 1982 839 non
2031 770 2297 837 multum
2344 771 2725 856 repugnabO.

386 874 591 940 Etiam
635 871 712 937 ad
754 873 980 936 Jonem
1023 870 1087 935 in
1129 870 1584 937 Prometheo
1626 871 1971 957 pertinere,
2023 889 2186 955 quae
2234 867 2311 932 de
2362 888 2537 933 mora
2579 867 2728 935 dra-

387 967 570 1034 matis
621 967 849 1032 actioni
904 968 1085 1032 allata
1138 989 1280 1034 cum
1331 976 1426 1033 tot
1474 966 1610 1032 aliis
1663 966 2133 1033 Welckerum
2186 962 2532 1031 andivimus
2581 985 2726 1030 mo-

386 1071 658 1142 nentem,
701 1063 966 1129 libenter
1006 1065 1185 1131 dabo.
1266 1066 1340 1129 In
1392 1065 1694 1149 Septem
1736 1062 1887 1129 adv.
1930 1061 2152 1129 Theb.
2193 1059 2458 1146 plurima
2499 1059 2727 1137 inesse,

386 1182 549 1247 quae
601 1159 813 1246 epicae
862 1160 1072 1246 potius
1122 1180 1312 1247 quam
1362 1160 1736 1225 dramaticae
1788 1159 2011 1225 rationi
2065 1155 2460 1235 conveniant,
2521 1156 2728 1223 mani·-

387 1258 612 1323 festum
655 1262 779 1331 est:
833 1264 1223 1342 quantopere
1275 1277 1423 1323 vero
1474 1256 1556 1321 sit
1596 1255 1661 1321 in
1701 1255 1957 1323 arbitrio
2001 1254 2409 1336 interpretum
2454 1252 2728 1338 positum

282 1418 291 1427 ‚
386 1353 538 1440 quid
581 1353 857 1418 medium
900 1353 1128 1429 dicant,
1169 1352 1265 1418 vel
1309 1373 1386 1417 ex
1428 1374 1506 1417 eo
1548 1360 1721 1438 patet
1760 1352 1930 1440 quod
1961 1349 2387 1418 Schoellius
2430 1372 2558 1417 non
2599 1358 2742 1423 tam⁸

385 1450 565 1517 istam
607 1448 808 1514 nuntii
849 1447 1266 1513 narrationem
1318 1469 1506 1534 quam
1548 1447 1863 1534 pugnandi
1908 1456 2122 1513 contra
2159 1445 2410 1512 fratrem
2450 1446 2728 1514 Eteoclis

387 1544 713 1610 consilium
756 1543 1029 1613 medium
1070 1552 1286 1611 tenere
1326 1545 1537 1611 locum
1579 1544 1916 1610 contendit.
1994 1542 2240 1608 Poteris
2282 1542 2502 1607 eodem
2543 1551 2726 1629 pacto

384 1642 450 1706 in
494 1640 982 1726 Supplicibus
1024 1648 1133 1707 aut
1171 1641 1290 1706 hoc
1332 1649 1442 1707 aut
1482 1641 1633 1708 illud
1683 1640 1962 1707 medium
2013 1640 2249 1718 dicere,
2299 1646 2529 1704 certam
2579 1660 2726 1705 vero

384 1737 679 1803 dramatis
720 1738 1137 1822 partitionem,
1179 1738 1571 1824 mediamque
1612 1746 1851 1823 partem
1894 1746 2002 1806 aut
2038 1756 2252 1803 morae
2292 1743 2404 1805 aut
2431 1757 2727 1823 progres-

386 1854 494 1899 sus
537 1832 857 1898 continere
897 1841 1306 1912 momentum,
1348 1855 1557 1921 neque
1598 1833 1699 1898 hic
1740 1855 1945 1920 neque
1988 1832 2138 1899 alias
2164 1853 2444 1919 unquam
2473 1831 2725 1899 efficieS.

383 1930 556 2009 Quid
598 1929 828 1996 multa?
869 1929 1082 1996 insunt
1121 1932 1186 1996 in
1229 1930 1563 2015 tragoediis
1591 1928 1877 2016 Aeschyli
1919 1927 2250 2015 utriusque
2292 1929 2540 2013 generis
2582 1950 2727 1997 mo-
2831 1951 2836 1961 ’

383 2034 620 2099 menta:
683 2026 1062 2092 concedatur
1107 2027 1322 2105 etiam,
1378 2028 1437 2092 id
1489 2049 1617 2114 quo
1669 2025 1848 2114 quasi
1899 2026 2075 2091 sreno
2128 2023 2289 2089 actio
2332 2025 2728 2094 contineatur

384 2124 451 2190 in
494 2122 697 2189 media
737 2122 1054 2207 tragoedia
1093 2123 1416 2210 aptissime
1460 2145 1599 2190 esse
1641 2123 1938 2210 positum,
1979 2130 2187 2187 tamen
2220 2123 2435 2206 'neque
2480 2142 2727 2208 semper

383 2241 516 2285 rem
557 2219 643 2284 ita
684 2241 751 2286 se
793 2219 1022 2285 habere
1066 2221 1330 2299 evinceS‚
1371 2242 1582 2307 neque
1620 2228 1749 2285 tres
1790 2219 1934 2285 inde
1976 2218 2327 2305 tragoediae
2370 2225 2546 2284 actus
2584 2218 2727 2287 effi-

384 2318 529 2383 cies,
612 2316 810 2400 Igitur
860 2337 939 2380 ne
993 2323 1090 2380 est
1140 2316 1393 2403 quidem
1455 2317 1920 2382 accuratissime
1980 2315 2215 2402 ubique
2275 2315 2599 2382 observata
2648 2317 2725 2383 ad

384 2436 573 2502 quam
622 2412 1057 2478 Welckerus
1109 2413 1487 2499 provocavit,
1550 2414 1972 2500 symmetriae,
2028 2420 2102 2479 ut
2148 2412 2337 2480 verbo
2386 2419 2553 2490 utar,
2606 2412 2724 2478 lex.

382 2511 514 2578 Sed
561 2510 677 2576 hac
726 2510 822 2577 vel
873 2510 1106 2596 optime
1158 2510 1481 2576 observata
1530 2510 1664 2576 fieri
1716 2518 1925 2576 tamen
1966 2531 2093 2575 non
2134 2514 2369 2606 potest,
2420 2509 2576 2594 quin
2623 2509 2726 2578 illa

385 2608 563 2694 epica
603 2606 844 2672 ratione
886 2607 1258 2675 dramaticae
1301 2606 1598 2685 immista,
1652 2607 1799 2674 artis
1842 2606 2213 2673 dramaticae
2254 2605 2425 2690 leges
2468 2606 2726 2672 laedan-

384 2712 504 2771 tur.
588 2704 801 2784 Quare
842 2702 962 2769 etsi
989 2702 1361 2790 Aeschylum
1405 2704 1860 2790 reprehendere
1890 2711 1990 2769 est
2020 2703 2468 2788 gravissimum,
2509 2703 2728 2770 debuit

382 2809 594 2866 tamen
632 2799 800 2864 hunc
841 2798 1050 2884 potius
1093 2820 1280 2884 quam
1307 2800 1760 2865 Heerenium
1798 2799 2253 2885 reprehendere
2282 2800 2726 2865 Welckerus

385 2898 465 2984 (p.
489 2902 584 2962 16.
607 2895 774 2980 Tril.)
837 2895 1252 2960 Heerenius
1295 2895 1482 2974 enim,
1525 2895 1643 2961 nisi
1674 2895 1845 2982 quod
1879 2902 2006 2959 tres
2050 2902 2114 2960 et
2154 2895 2290 2981 ipse
2329 2895 2547 2960 statuit
2574 2895 2724 2962 dra-
2765 2889 2788 2904 ‘

385 3001 620 3060 matum
661 2990 1145 3078 Aeschyleorum
1187 2992 1368 3079 quasi
1409 3001 1605 3071 actuS,
1648 2979 1878 3059 rectius
1920 2991 2036 3060 arti
2078 2990 2140 3065 id
2184 2990 2400 3058 tribuit
2442 2993 2722 3060 nondum

384 3090 463 3155 ad
503 3090 740 3156 virilem
782 3093 1046 3152 aetatem
1090 3095 1433 3174 provectae.
1455 3090 1499 3175 *)

544 3191 629 3251 At
656 3207 784 3272 quo
814 3205 978 3250 nunc
1006 3186 1188 3252 nobis
1226 3206 1326 3250 ars
1369 3185 1470 3252 illa
1510 3184 1828 3271 praeclara
1855 3184 2144 3270 Aeschyli
2187 3183 2356 3261 abiit,
2399 3192 2725 3270 tantopere

383 3283 574 3348 modo
595 3304 631 3347 a
655 3281 834 3347 nobis
857 3280 1142 3347 laudata?
1202 3286 1301 3345 An
1336 3302 1494 3360 eam,
1538 3302 1724 3366 quam
1758 3280 1953 3345 sensit
1971 3280 2314 3367 Aeschylus
2346 3302 2486 3347 esse
2508 3281 2726 3350 mundi

385 3379 606 3465 legem,
649 3377 780 3443 sola
821 3378 1103 3463 trilogiae
1143 3377 1340 3442 forma
1384 3377 1719 3463 expressit,
1763 3377 2025 3464 ejusque
2068 3377 2133 3442 in
2174 3378 2432 3463 singulis
2473 3385 2728 3465 tragoe-

385 3476 505 3541 diis
549 3472 996 3561 componendis
1039 3473 1269 3554 oblitus
1312 3478 1448 3541 est?
1527 3473 1674 3540 Acsi
1728 3473 1880 3559 legis
1931 3473 2097 3539 illius
2147 3474 2316 3540 nulla
2365 3474 2563 3542 forma
2615 3498 2729 3562 per

385 3571 605 3638 fection·
645 3572 727 3636 sit
779 3592 882 3647 ea,
933 3590 1095 3656 quae
1144 3570 1426 3656 trilogica
1477 3571 1929 3658 compositione
1984 3570 2368 3649 continetur,
2419 3571 2546 3637 acsi
2600 3593 2727 3638 non

387 3670 468 3734 ob
512 3668 574 3732 id
616 3668 823 3753 ipsum
865 3666 1072 3732 minus
1114 3666 1389 3751 perfecta
1431 3667 1513 3732 sit
1550 3667 1981 3754 praedicanda,
2023 3667 2172 3752 quia
2198 3674 2426 3753 partes,
2471 3688 2544 3732 ex
2578 3668 2727 3754 qui·-

385 3765 504 3831 hus
546 3762 707 3828 actio
748 3769 880 3828 tota
923 3769 1185 3840 constat,
1225 3763 1481 3831 alteram
1524 3771 1669 3849 post
1706 3765 1961 3830 alteram
2003 3762 2262 3849 profert!
2342 3765 2564 3850 Itaque
2598 3764 2727 3851 jam

388 3881 515 3925 non
557 3860 756 3946 legem
799 3858 994 3937 illam,
1038 3858 1151 3923 sed
1193 3857 1457 3925 formam
1498 3861 1619 3945 legi
1660 3861 1866 3929 minus
1908 3859 2497 3927 idoneamfdissolvi
2551 3860 2736 3929 vide-

387 3976 548 4022 mus.
631 3957 792 4022 Sunt
834 3977 983 4021 sane
1024 3955 1142 4021 tria
1183 3955 1285 4022 illa
1326 3957 1588 4024 actionis
1630 3964 1946 4023 momenta
1986 3956 2049 4021 in
2093 3956 2351 4043 singulis
2380 3958 2564 4025 etiam
2594 3965 2726 4026 tra-

389 4051 655 4139 goediis,
719 4051 830 4117 sed
894 4052 1043 4138 quia
1099 4074 1226 4118 non
1280 4053 1365 4118 ita
1418 4054 1662 4133 insunt,
1709 4062 1782 4121 ut
1830 4053 2086 4122 alteram
2137 4053 2213 4118 ab
2263 4054 2458 4121 altero
2509 4053 2726 4120 ordine

389 4148 765 4235 excipiatur,
826 4148 889 4213 id
951 4149 1121 4236 quod
1181 4158 1276 4216 est
1334 4150 1651 4235 trilogicae
1701 4150 1934 4216 formae
1983 4151 2334 4236 proprium,
2398 4158 2728 4237 propterea

389 4246 483 4314 vel
537 4244 805 4312 maxime
857 4253 1107 4331 poetam
1157 4246 1341 4313 laude
1393 4246 1647 4331 dignum
1695 4245 2021 4314 habemus.
2111 4248 2267 4315 Eam
2318 4268 2461 4314 vero
2507 4266 2728 4312 revera
2817 4261 2824 4274 ¹

390 4363 528 4408 esse
578 4343 925 4408 dramatum
975 4341 1462 4429 Aeschyleorum
1522 4341 1857 4422 rationem,
1918 4344 2093 4410 facile
2148 4344 2260 4409 tibi
2323 4341 2725 4429 persuaseris,

388 4480 445 4490 —4

529 4547 583 4611 ⁴¹)
625 4558 869 4609 conferas
905 4558 1055 4607 enam
1091 4559 1388 4608 Wteland.
1442 4562 1692 4618 ,nuscum
1727 4560 1878 4609 Amo.
1917 4562 1987 4608 111.
2027 4570 2073 4615 p.
2111 4556 2231 4603 348.
