2978 4869
1164 226 1606 293 ...17-

367 396 751 482 Repetivisse
824 398 904 462 ab
977 403 1418 482 Anaxagora
1486 398 1795 483 permulta
1853 396 2247 485 Euripidem,
2319 409 2552 488 quanta

136 576 139 579 ¹
206 494 757 563 Valckenarius
809 490 1090 565 doctrina
1140 493 1527 580 exposuerit,
1590 499 1856 580 quanta
1870 492 2093 563 viderit
2140 497 2367 562 mentis
2419 499 2550 563 acie

206 593 376 659 inter
434 606 654 657 omnes
717 596 976 655 constat.
1060 584 1157 656 Sit
1218 611 1366 657 vero
1430 610 1573 655 curn
1624 589 1781 654 tanti
1831 590 1943 657 viri
1995 612 2148 679 pace
2198 593 2435 659 dictum
2487 595 2550 659 id

150 712 157 719 “
207 688 464 754 omnino
514 686 813 752 incertius
860 684 1011 750 mihi
1065 685 1253 752 videri
1305 686 1476 772 quod
1529 686 1606 751 de
1659 686 1964 773 Aeschylo
2018 688 2155 777 ipse
2213 709 2330 774 pro
2382 698 2553 755 certo

205 781 510 849 hahuerit.
578 783 826 847 Patrem
856 780 1041 860 enim,
1082 802 1212 846 non
1239 788 1502 847 matrem
1539 803 1678 848 esse
1707 783 2046 849 liberorum
2071 783 2396 870 originem,
2435 792 2554 859 etsi

206 879 361 946 nulli
389 898 670 965 unquam
704 877 959 943 fuerunt
990 877 1222 964 physici
1253 878 1453 963 potuit
1482 877 1689 944 dicere
1720 878 2099 965 Aeschyleus
2129 879 2231 945 ille
2261 881 2486 967 Apollo
2508 879 2556 962 *)

208 977 410 1061 (Eum.
461 980 579 1041 658
632 974 782 1060 seq.)
877 973 1037 1040 Cum
1097 978 1502 1058 Anaxagorae
1562 994 1710 1040 vero
1773 974 2067 1060 opinione
2129 996 2327 1062 quum
2389 976 2588 1041 dicat·

206 1070 756 1137 Valckenarius
799 1076 862 1135 et
903 1066 967 1134 in
1008 1090 1085 1135 eo
1126 1068 1500 1157 Aeschylum
1545 1071 1926 1150 consentire,
1980 1071 2153 1157 quod
2190 1070 2556 1137 increscen-

206 1168 288 1233 tis
344 1167 409 1231 in
461 1166 743 1252 Aegypto
792 1162 915 1232 Nili
968 1187 1223 1231 causam
1275 1165 1509 1252 pariter
1558 1173 1746 1252 atque
1794 1166 2125 1253 Euripides
2183 1166 2251 1235 in
2311 1166 2558 1235 nivibus

207 1262 579 1348 Aethiopiae
630 1269 890 1346 quaerat
939 1262 1142 1327 calore
1205 1258 1353 1327 solis
1414 1261 1795 1349 liquefactis,
1860 1262 2022 1347 (sgm.
2075 1263 2214 1347 290)
2275 1285 2356 1329 ne
2419 1264 2555 1350 ipse

209 1359 463 1446 quidem
506 1357 625 1423 hoc
666 1357 743 1422 ab
785 1356 890 1422 illo
931 1358 1306 1445 Aeschylum
1349 1356 1639 1423 didicisse
1679 1358 1926 1426 videtur
1967 1356 2405 1424 contendere.
2407 1359 2452 1444 ἰ)

357 1453 553 1532 Quod
574 1472 760 1538 porro
789 1473 865 1517 ex
893 1455 1282 1540 mysteriis
1313 1446 1597 1538 magnam
1628 1452 1971 1534 sapientiae
1999 1460 2240 1539 partem
2267 1454 2558 1542 Aeschy-

208 1552 341 1615 lum
371 1547 624 1613 duxisse
670 1549 1071 1629 contendunt,
1113 1551 1173 1615 id
1207 1549 1465 1636 propius
1497 1550 1574 1612 ad
1602 1557 1886 1615 nostrum
1917 1550 2245 1615 consilium
2286 1550 2558 1636 pertinet

206 1643 643 1732 Mysteriorum
687 1643 1054 1732 participem
1111 1666 1178 1710 se
1228 1645 1422 1711 fuisse
1472 1652 1659 1730 poeta
1711 1646 1876 1731 ipse,
1932 1645 2239 1732 siquidem
2281 1654 2378 1711 est
2417 1647 2560 1733 ipse

213 1740 576 1826 AeschyluS‚
626 1759 816 1827 quem
859 1740 1425 1826 Aristophanes
1463 1741 1649 1813 nobis
1692 1740 1989 1849 ostendit,
2043 1741 2192 1807 satis
2236 1750 2449 1830 aperte
2491 1741 2556 1807 in

209 1835 400 1901 Ranis
440 1838 576 1902 886.
616 1839 751 1899 887.
793 1835 1142 1914 profitetur:

521 1922 613 1992 A'
671 1954 829 2012 ητεςι,
875 1937 1097 2024 inquit,
1136 1928 1181 2010 ’ἦ
1228 1925 1552 2013 θρέψασα
1595 1956 1722 2012 την
1764 1927 1943 2015 istim)
1987 1929 2198 2023 φςιένα

522 2028 646 2080 Εν
600 2013 719 2080 ναί
761 2044 851 2100 με
891 2042 1025 2081 των
1068 2025 1212 2081 σῶν
1254 2018 1451 2094 ἀξιον
1493 2018 1896 2103 μυστηρίων.

210 2123 322 2188 Est
358 2128 683 2207 praeterea
730 2120 988 2186 historia
1039 2123 1344 2207 quaedam
1395 2124 1645 2206 saepius
1694 2123 1958 2210 repetita
2009 2122 2087 2189 de
2130 2123 2439 2211 mysteriis
2490 2124 2557 2190 in

208 2217 542 2303 tragoediis
607 2217 684 2282 ab
736 2215 1041 2303 Aeschylo
1100 2223 1336 2283 temere
1387 2219 1676 2307 vulgatis,
1740 2220 1818 2285 de
1868 2240 1994 2306 qua
2044 2220 2166 2286 hoo
2217 2220 2357 2286 loco
2406 2221 2558 2307 quid

210 2314 474 2380 sentiam
516 2314 783 2381 afferam.
865 2310 1125 2378 Minima
1174 2320 1273 2377 est
1321 2315 1486 2398 apud
1531 2314 1915 2381 Clementem
1966 2315 2139 2380 Alex.
2169 2314 2435 2400 (Strom.
2478 2319 2556 2381 11.

209 2432 308 2497 pg.
362 2410 545 2494 387)
548 2409 613 2495 ‘)
673 2407 1037 2486 auctoritas,
1099 2407 1207 2494 qui
1259 2408 1648 2494 vulgatorum
1698 2410 2133 2498 mysteriorum
2193 2419 2560 2480 accusatum

209 2507 611 2593 Aeschylum
640 2514 973 2593 propterea
1031 2502 1386 2569 ahsolutum
1438 2525 1578 2571 esse
1637 2513 1873 2584 narrat,
1932 2506 2078 2594 quia
2128 2506 2420 2589 mysteria
2480 2510 2560 2573 ad

215 2619 281 2667 se
323 2602 578 2667 omnino
627 2622 754 2667 non
804 2600 1118 2683 pertinere
1164 2597 1509 2687 (ἐπιδείξας
1569 2599 1787 2665 αὑτὸν
1839 2598 1938 2686 μὴ
1994 2600 2453 2687 μεμυημένον
2484 2607 2562 2695 ᾧ)

213 2699 713 2763 demonstrasset.
813 2695 1190 2781 Aeschylum
1255 2696 1421 2760 enirn
1483 2696 1921 2783 mysteriorum
1983 2705 2332 2783 expertem·
2363 2698 2562 2766 fuisse

213 2813 482 2880 quorum
526 2801 698 2857 tanta
740 2812 815 2856 ea
857 2797 1057 2855 aetate
1099 2790 1434 2855 auctoritas
1475 2791 1617 2869 fuit,
1667 2791 2134 2859 adversantibus
2184 2794 2560 2879 Aristopha-

211 2890 308 2954 nis
330 2889 722 2974 aliorumque
755 2907 916 2973 quos
946 2906 1090 2951 mox
1121 2886 1447 2954 audiemus
1473 2887 1846 2954 testimoniis
1887 2909 2015 2955 non
2057 2888 2159 2952 ille
2189 2885 2339 2952 mihi
2367 2887 2560 2954 homo

213 2985 590 3050 christianus
631 2981 1045 3069 persuadebit.
1126 2983 1320 3061 Mala,
1371 2982 1437 3047 ni
1476 2983 1653 3048 valde
1703 2981 1907 3061 fallor,
1957 2982 2310 3050 Aristotelis
2360 2984 2561 3050 inter-

212 3081 564 3167 pretatione
606 3098 682 3141 ea
722 3085 820 3141 est
858 3077 1199 3141 Clementis
1240 3085 1374 3143 orta
1415 3078 1705 3144 narratio.
1777 3079 1949 3143 Haec
1992 3079 2158 3144 enim
2201 3080 2368 3165 apud
2408 3081 2561 3145 Ari-

214 3173 501 3241 stotelem
544 3169 893 3256 leguntur
875 3193 940 3236 ιιι
980 3171 1182 3238 Ethic.
1222 3173 1576 3240 Nicomach.
1618 3174 1725 3237 111.
1768 3181 1834 3240 2:
1860 3174 1944 3237 ‘⁸0
1968 3171 2035 3238 δὲ
2056 3173 2312 3256 πράττει
2340 3182 2560 3258 dyvo-

360 3361 415 3419 ¹¹)
454 3369 754 3415 Valcken.
801 3367 1009 3416 diatriba
1045 3381 1092 3425 ιι.
1130 3368 1201 3417 8⁰
1235 3370 1302 3418 A.

358 3428 439 3493 **)
480 3440 515 3482 1.
553 3437 739 3486 ιιιιιιι.

360 3497 472 3558 ”⁴³2
510 3508 633 3553 Loci
676 3511 774 3554 huc
819 3509 1119 3563 pertinentes
1165 3512 1228 3556 ab
1267 3507 1492 3556 omnibus
1535 3508 1642 3554 fere
1678 3506 2029 3562 interpretibus
2075 3509 2191 3553 sunt
2227 3504 2386 3554 allati.
2462 3505 2561 3552 Re·

221 3577 386 3634 peries
422 3555 660 3631 plurimos
698 3589 868 3625 eorum
905 3590 1004 3625 uno
1041 3584 1215 3625 tenore
1250 3579 1527 3633 descriptos
1565 3578 1698 3633 apud
1734 3579 1878 3623 Dind.
1919 3580 1982 3625 ad
2018 3577 2192 3632 fragm.
2230 3578 2320 3622 81.

362 3641 428 3705 †)
469 3649 731 3705 Egi-agiam
767 3649 961 3702 quidem
995 3650 1222 3696 veritatis
1257 3650 1476 3704 speciem
1512 3652 1664 3696 nabet
1700 3651 1988 3704 coniectura
2020 3632 2395 3704 μεμνημένον.
2457 3646 2559 3692 'ra-

216 3730 328 3764 men
366 3721 623 3766 tenendam
660 3730 843 3765 censeo
881 3722 1137 3774 vulgatam
1174 3721 1508 3774 scriptionem.
1564 3718 1780 3766 crimina
1817 3718 1945 3763 enim
1979 3728 2079 3766 non
2104 3714 2386 3762 voluntaria
2419 3715 2557 3762 cle·

215 3800 382 3836 mens
420 3794 720 3867 enumerat,
730 3791 1052 3863 alterumque
1074 3800 1243 3835 eorum
1281 3801 1438 3844 genus
1474 3790 1522 3835 id
1561 3801 1678 3835 esse
1714 3788 1812 3846 ait,
1851 3798 1999 3842 quum
2035 3786 2150 3841 quis
2182 3768 2453 3844 ιῖγνὸησεν
2488 3807 2561 3817 -

214 3879 288 3891 --
311 3880 386 3889 —
407 3879 480 3890 —-
513 3847 574 3903 τὰ
608 3848 840 3921 κρῶιμα
874 3872 909 3903 o
944 3841 1200 3921 πράσσει.
1266 3863 1393 3906 Nam
1426 3871 1550 3906 vero
1587 3871 1689 3905 rem
1725 3820 1957 3915 igriorare
1994 3863 2042 3903 et
2078 3855 2295 3902 animum
2329 3865 2429 3901 ιιοιι
2463 3858 2559 3903 ad·

214 3935 414 3975 vertere
449 3929 577 3974 idem
614 3931 724 3976 est?
797 3931 866 3975 At
900 3951 973 3961 -
1009 3930 1189 3976 dixerit
1226 3930 1338 3983 quin
1376 3952 1443 3963 -
1480 3932 1610 3985 quod
1648 3929 1845 3975 tertio
1889 3930 2002 3975 loco
2041 3926 2224 3973 crimen
2269 3928 2464 3986 posuit,
2511 3927 2560 3972 id

214 4002 410 4045 demum
431 3996 740 4050 ignorantiae
767 4000 1141 4047 excusationem
1175 4004 1339 4051 habet.
1388 4004 1507 4056 Ipse
1536 4001 1726 4059 videtin,
1758 4010 1874 4045 num
1909 3998 1989 4045 hic
2013 3997 2079 4045 sit
2090 4000 2417 4093 ‘sequentium
2446 4008 2559 4043 ver·

214 4089 389 4131 borum
412 4093 620 4128 sensus·
656 4099 704 4142 η,
734 4088 909 4145 inquit,
947 4098 1074 4165 03⁸9
1109 4075 1383 4166 πράττεται
1421 4073 1706 4167 &yvone-ac,-
1739 4099 1831 4145 τις,
1869 4058 2111 4147 ἶῖἷσιιίερε
2076 4097 2108 4130 ο
2140 4073 2235 4130 τὸν
2257 4067 2559 4128 οἷντίκαλον

217 4138 378 4218 οἷφεῖς
425 4139 522 4197 καὶ
567 4135 887 4209 ἀποκτείνας
932 4141 1140 4202 οἰκεῖον
1176 4142 1295 4203 ἀντὶ
1330 4149 1438 4204 τοῦ
1472 4146 1769 4213 πολεμίου.
1842 4159 1931 4202 nst
1974 4156 2024 4203 id
2069 4159 2119 4203 et
2153 4157 2341 4213 ipsum,
2377 4154 2554 4209 fateor,

219 4225 529 4282 ignorantiae
565 4224 774 4283 crimen,
819 4228 911 4273 sed
947 4240 1045 4274 non
1091 4230 1161 4276 ita
1208 4231 1520 4276 antecedenti
1563 4226 1844 4282 oppositum
1899 4231 1954 4274 ut
1998 4227 2118 4275 illud
2172 4237 2271 4274 non
2311 4225 2441 4269 idem
2492 4222 2558 4268 sit

218 4294 545 4351 ignorantiae.
620 4290 683 4341 ln
720 4307 779 4341 eo
819 4298 947 4343 enim
983 4300 1226 4354 oppositio
1263 4305 1498 4345 versatur
1547 4303 1599 4343 ut
1635 4297 1820 4344 crimen
1865 4299 1932 4346 ibi
1969 4310 2087 4344 reus
2125 4293 2422 4342 committere
2464 4292 2557 4340 fln-

221 4371 384 4431 gutur,
420 4367 552 4421 quod
587 4366 771 4414 crimen
807 4379 924 4415 esse
958 4370 1168 4430 nesciat,
1205 4369 1286 4416 hic
1322 4375 1491 4416 autem
1517 4367 1747 4416 nesciens
1770 4370 2071 4417 committere
2108 4366 2235 4420 quod
2264 4366 2390 4409 bene
2427 4360 2558 4408 sciat

224 4441 352 4567 esaei,
390 4457 444 4496 ut
479 4453 547 4569 ibfli
583 4455 644 4500 ad
671 4466 773 4502 rem
797 4455 961 4513 ipsam
998 4443 1082 4513 (το
1111 4444 1366 4518 πρωγμα)
1402 4457 1485 4506 hic
1520 4457 1584 4504 ad
1617 4460 1861 4513 agendum
1903 4430 2054 4516 (ὅπερ
2084 4434 2389 4511 aean-tvm)
2413 4449 2554 4506 ‘8¹¹⁰-

223 4528 377 4569 tanta
415 4529 517 4578 pert
540 4531 671 4574 neat.

2098 4600 2134 4653 2
