2978 4869
1265 188 1703 263 ...58-

317 359 627 440 pertinet?
673 359 833 430 Cave
874 361 1089 447 igitur,
1132 382 1210 428 ne
1252 362 1619 431 scholiastae
1659 364 2091 435 auctoritatem
2133 388 2249 454 pro
2290 381 2658 457 argumento

314 477 592 544 accipias.
637 495 710 505 —

471 553 586 617 Est
625 551 813 637 igitur
862 561 925 618 et
965 553 1112 640 quia
1153 554 1385 638 ingenii
1428 555 1695 641 speciosi
1738 559 2336 627 commendationem
2389 585 2539 648 prae
2582 587 2656 632 se

315 646 434 713 sert
481 653 548 712 et
588 647 735 733 quia
774 649 965 734 magis
1019 649 1082 713 id
1122 649 1312 715 efficit
1361 650 1425 714 in
1466 672 1593 736 quo
1642 652 1967 720 efficiendo
2011 655 2276 723 maxime
2316 658 2658 741 laboratur,

315 750 413 809 est
462 744 655 828 'longe
715 744 1127 825 praestantior
1176 744 1623 813 Lachmanni
1675 750 1983 817 sententia
2005 751 2066 836 *).
2159 754 2220 816 Is
2280 754 2444 820 enim
2507 765 2659 841 post

313 838 621 906 canticum
651 844 971 908 870—880
1010 837 1341 906 duodecim
1367 841 1586 911 Furias
1627 845 1875 925 abiisse,
1915 853 2041 915 tres
2080 855 2322 914 tantum
2350 851 2654 918 mansisse

310 955 545 1021 easque
596 943 814 1021 postea
864 936 981 1003 sub
1029 934 1259 1001 terram
1308 958 1445 1003 esse
1497 938 1792 1007 deductas
1852 964 1929 1008 ex
1986 943 2188 1010 verbis
2239 962 2453 1011 versus
2502 951 2656 1014 887:

311 1028 407 1097 Σὺ
461 1031 518 1095 ‹5'
577 1016 712 1097 οὖν
753 1024 988 1114 μένοις
1042 1029 1137 1098 ἄν
1192 1032 1473 1119 conjecit.
1555 1036 1629 1100 Id
1670 1035 1722 1100 si
1759 1059 1841 1103 eo
1883 1038 2007 1104 fine
2049 1040 2415 1125 excogitavit
2457 1048 2529 1108 ut
2566 1064 2653 1108 ne

313 1126 675 1194 Mueller-o
715 1126 966 1193 tertium
996 1128 1293 1195 comitum
1325 1128 1585 1196 chorum
1618 1134 2007 1215 concederet,
2047 1134 2159 1199 sed
2186 1134 2463 1215 haberet,
2504 1137 2653 1224 qui-

307 1224 428 1289 bu‘s
470 1222 766 1289 comitum
818 1223 1089 1289 carmina
1147 1231 1294 1310 post
1341 1247 1592 1292 scenam
1643 1228 1918 1295 canenda
1968 1229 2332 1314 assignaret,
2396 1250 2652 1319 operam

309 1318 587 1406 profecto
628 1318 896 1403 perdidit
936 1327 999 1384 et
1036 1321 1337 1387 temerius
1380 1321 1772 1409 conjecturae
1813 1324 2159 1410 periculum
2201 1326 2407 1392 subiit.
2492 1330 2652 1397 Nam

306 1415 549 1482 etiamsi
592 1414 655 1479 in
697 1434 884 1479 scena
914 1416 1367 1498 constituimus,
1407 1419 1579 1505 quod
1625 1440 1773 1489 sane
1813 1420 2008 1505 magis
2035 1421 2333 1487 decorum
2374 1430 2488 1501 est,
2531 1444 2650 1489 co-

308 1510 530 1577 mitum
580 1509 863 1587 eborum,
926 1510 1124 1577 tribus
1185 1520 1394 1581 tamen
1458 1515 1662 1581 choris
1708 1515 2060 1581 Muelleri
2121 1538 2248 1582 non
2311 1540 2472 1604 opus
2533 1527 2649 1586 est.

309 1607 433 1674 Sed
472 1606 589 1671 luit
628 1603 1082 1671 Lachmanni
1125 1629 1378 1696 quoque
1419 1609 1746 1675 consilium
1797 1610 1862 1676 in
1911 1632 1989 1675 eo
2030 1611 2423 1696 potissimum
2466 1615 2649 1699 posi-

306 1712 468 1779 tum,
529 1709 600 1768 ut
647 1701 839 1783 magis
889 1701 1220 1768 indulsisse
1268 1704 1498 1771 faceret
1547 1705 1831 1790 religioni
1881 1714 2162 1792 poetam,
2208 1707 2531 1795 magisque
2582 1708 2649 1774 id

303 1818 447 1865 eum
496 1815 727 1882 egisse:
876 1810 885 1823 ·

703 1893 942 1973 populo
982 1901 1052 1956 ut
1088 1895 1431 1974 placerent,
1473 1913 1632 1976 quas
1668 1899 1920 1977 fecisset
1957 1898 2233 1979 fabulas.

310 1994 542 2059 Verum
583 2010 710 2054 non
752 1996 879 2054 tam
921 2010 998 2054 ex
1038 1989 1316 2066 consili0‚
1356 1992 1526 2056 unde
1566 1999 1704 2058 orta
1744 2002 1869 2072 est,
1917 2014 2106 2080 quam
2147 2015 2224 2060 ex
2265 1996 2647 2078 argumentis

304 2087 536 2174 quibus
577 2084 824 2160 nititur,
874 2082 1085 2168 opinio
1136 2083 1389 2170 quaevis
1436 2091 1534 2149 est
1572 2086 1919 2154 iudicanda.
2000 2088 2458 2155 Lachmanni
2500 2113 2647 2159 vero

304 2189 553 2266 praeter
591 2180 775 2246 verba
816 2178 919 2245 illa
959 2185 1077 2247 887
1128 2179 1207 2245 ad
1254 2180 1652 2266 sequentium
1702 2180 1874 2247 chori
1923 2203 2217 2249 versuum
2261 2185 2646 2253 carminum-

300 2298 430 2365 que
482 2294 810 2342 numerum
859 2281 1171 2360 provocat.
1252 2276 1472 2343 Verbis
1526 2275 1800 2362 primum
1838 2273 1937 2343 σύ
1980 2278 2056 2342 ᾶ’“
2081 2264 2218 2343 οὖν
2260 2275 2493 2362 μένοις
2547 2281 2648 2349 ἄν

300 2394 498 2463 quum
549 2370 852 2459 apodosin
901 2370 1288 2451 contineant,
1348 2371 1436 2440 ita
1483 2379 1558 2439 ut
1615 2369 1682 2439 δὲ
1746 2372 1900 2440 illud
1953 2393 2079 2438 non
2126 2373 2495 2439 vocabulum
2545 2372 2647 2440 σύ

302 2492 446 2538 cum
505 2469 563 2537 vi
615 2468 884 2555 quadam
938 2474 1003 2534 et
1053 2467 1295 2535 ratione
1344 2467 1554 2536 habita
1604 2469 1968 2536 abeuntium
2017 2468 2275 2534 aliarum
2316 2468 2645 2536 Furiarum

300 2567 605 2643 exhibeat,
647 2563 757 2629 sed
800 2564 881 2628 sit
921 2583 1162 2630 merum
1204 2564 1496 2650 apodosis
1539 2564 1862 2642 indicium,
1911 2563 1975 2629 id
2015 2563 2186 2649 quod
2224 2564 2644 2632 Lachman-

302 2683 439 2729 nus
497 2660 627 2726 vult
692 2658 949 2726 minime
1002 2659 1283 2725 efficitur.
1382 2661 1637 2726 Frustra
1688 2660 1875 2725 etiam
1927 2681 2005 2725 ex
2055 2659 2355 2726 vocabulo
2405 2653 2645 2747 μένειν

300 2759 460 2825 hanc
499 2754 701 2823 verbis
742 2754 862 2822 vim
904 2755 1212 2822 vindicare
1242 2756 1586 2824 conabitur.
1653 2755 1812 2823 Nam
1853 2774 1982 2822 non
2024 2754 2109 2819 ita
2148 2754 2211 2820 id
2252 2753 2483 2822 dictum
2525 2761 2643 2832 est,

300 2862 375 2922 ut
413 2851 784 2920 abeuntibus
824 2852 1060 2930 Furiis,
1111 2850 1220 2917 sed
1260 2859 1333 2918 ut
1372 2850 1710 2918 earundem
1750 2850 2107 2926 Furiarum,
2150 2871 2339 2936 quae,
2387 2857 2462 2915 ut
2500 2869 2644 2918 ma-

302 2957 494 3017 neant
531 2948 800 3035 primum
828 2954 1145 3031 rogantur,
1186 2947 1454 3013 abeundi
1483 2946 1742 3012 consilio
1772 2952 2123 3031 opponatur
2149 2945 2392 3028 (Pergit
2425 2952 2642 3029 poeta:

302 3047 359 3112 εἰ
400 3046 464 3110 δὲ
508 3040 609 3128 μὴ
654 3036 868 3116 ἐτέλεις
895 3035 1151 3126 μένειν,
1192 3041 1331 3125 etc.)
1372 3041 1659 3108 Alterum
1698 3062 1846 3109 vero
1887 3047 2343 3126 argumentum,
2382 3039 2642 3106 ductum

300 3162 381 3208 ex
409 3136 654 3206 dicendi
679 3134 916 3202 vicibus
958 3134 1149 3202 choro
1176 3135 1488 3202 attributis
1519 3138 1903 3223 canticisque
1944 3136 2118 3206 chori
2160 3157 2322 3223 quae
2363 3156 2642 3222 sequan-

300 3245 405 3303 tur
445 3256 574 3311 sex,
615 3233 701 3301 ita
732 3240 1156 3318 comparatum
1198 3239 1315 3310 est,
1353 3238 1426 3297 ut
1464 3231 1552 3300 rei
1583 3231 1833 3298 aliunde
1863 3233 2196 3298 admodum
2238 3240 2443 3298 certae
2483 3251 2640 3312 pos·
2761 3249 2768 3256 ·

303 3330 385 3396 sit
425 3328 675 3414 quidem
720 3312 1000 3392 nonnihil
1053 3328 1279 3393 addere
1318 3326 1893 3404 verisimilitudiniS‚
1945 3326 2056 3391 sed
2103 3326 2357 3393 minime
2408 3347 2524 3408 per
2572 3346 2642 3392 se

301 3424 379 3491 ad
419 3420 799 3508 probandam
842 3441 973 3486 rem
1016 3422 1314 3488 incertam
1341 3423 1557 3490 valeat.
1616 3422 1836 3509 Neque
1873 3421 1995 3487 alio
2024 3422 2283 3488 consilio
2324 3444 2361 3486 a
2400 3420 2643 3486 Lach-

301 3539 572 3588 manno
623 3516 873 3582 allatum
923 3524 1035 3582 est.
1119 3519 1376 3584 Numeri
1427 3518 1594 3584 enim
1654 3517 1827 3604 leges
1891 3539 2003 3585 eae
2055 3524 2227 3595 sunt,
2289 3516 2352 3580 in
2409 3516 2643 3600 quibus

304 3614 619 3684 servandis
679 3619 788 3679 aut
846 3612 1230 3697 negligendis
1291 3614 1628 3684 maximam
1683 3623 1907 3701 poetae
1968 3615 2315 3680 libertatem
2375 3610 2644 3676 libenter

303 3712 628 3788 concedas,
671 3730 876 3794 neque
918 3709 980 3774 id
1008 3707 1188 3773 nobis
1216 3729 1464 3774 sumere
1491 3731 1848 3796 possumus,
1888 3718 1961 3777 ut
1997 3695 2235 3795 ubique
2275 3706 2641 3774 habueritne

302 3824 516 3869 earum
559 3806 863 3870 rationem
903 3811 1093 3885 po’eta
1133 3824 1329 3868 necne
1371 3811 1436 3868 et
1467 3826 1656 3889 quam
1688 3827 1941 3892 quoque
1983 3807 2123 3870 loco
2152 3802 2457 3879 habuerit,
2500 3822 2642 3867 cer-

303 3899 380 3965 tis
423 3898 768 3963 rationibus
811 3899 1229 3964 ostendamus.
1313 3899 1474 3977 Quis
1518 3902 1685 3965 enim
1728 3909 1841 3976 est,
1884 3901 1990 3985 qui
2035 3920 2143 3964 sex
2186 3898 2422 3963 cantica
2462 3897 2565 3962 illa
2606 3919 2642 3962 a

309 3990 661 4082 quindecim
702 3993 908 4058 Furiis
950 3994 1083 4060 cani
1127 3993 1406 4080 potuisse
1449 3998 1674 4080 neget?
1754 3992 2061 4080 Equidem
2112 4013 2148 4057 a
2198 4014 2302 4061 me
2344 4014 2480 4060 eam
2522 4013 2641 4058 au-

306 4089 539 4157 daciam
579 4087 798 4153 abesse
836 4089 995 4155 volo.

449 4349 507 4409 ⁶)
545 4358 711 4404 verbo
747 4358 932 4402 tantum
967 4352 1202 4399 indicavit
1236 4354 1531 4400 sententiam
1566 4363 1710 4401 suam
1745 4352 1795 4399 ln
1828 4347 2110 4398 Annalibus
2149 4351 2318 4406 philol.
2354 4359 2388 4394 a
2421 4349 2637 4412 salino,

307 4428 644 4486 sechodio,
708 4425 963 4473 Klotzio
1027 4421 1172 4468 editis
1229 4422 1362 4466 1841
1421 4423 1537 4468 Vol.
1590 4418 1678 4469 sl.
1743 4431 1825 4474 pg-
1881 4414 2015 4473 αδδς
2078 4420 2169 4464 sed
2223 4418 2387 4471 ipsum
2441 4421 2640 4470 Lach-

310 4506 586 4546 mannnm
621 4498 766 4555 plura
810 4508 901 4553 pro
937 4505 1001 4543 ca
1035 4491 1271 4539 dicentem
1305 4487 1491 4534 audivi.

804 4791 1758 4855 affl-
